3417 5075
402 614 449 698 ip
555 599 678 671 trs
711 595 1205 684 nsrnorourquns

403 774 561 850 Divisum
577 774 710 874 spatio,
731 775 788 846 cui
811 774 910 848 tertia
931 774 1021 849 linea
1036 774 1149 874 dispar

407 920 625 1020 Conspicitur
645 921 807 1019 paribus,
828 920 990 1024 deltoton
1004 923 1147 995 nomine
1167 920 1258 995 sadus

308 1100 384 1179 350
408 1071 463 1144 Ex
488 1066 584 1141 stmili
601 1069 739 1143 didoni.
765 1068 1026 1168 Cepheusque,
1042 1071 1078 1142 dt
1097 1069 1290 1169 Cassiepia,

317 1198 322 1205 ’
405 1218 447 1292 In
466 1243 589 1318 poenas
614 1219 740 1320 fignata
764 1219 859 1308 suas,
879 1225 1046 1328 jurataque
1063 1218 1212 1294 relidam
1284 1291 1286 1295 .

236 1364 238 1369 ’
299 1426 318 1453 ,.
406 1366 679 1442 Andromedam
703 1369 815 1445 vassos
831 1390 1048 1444 metuentem
1074 1344 1183 1469 pristis
1207 1370 1345 1459 hiatus,

407 1515 608 1614 Expositum
627 1539 739 1615 ponto
758 1517 890 1606 dellet,
914 1516 1133 1615 scopulisque
1149 1517 1363 1605 revindam,

408 1665 460 1738 Ni
485 1688 651 1740 veterem
663 1666 805 1741 Perseus
826 1666 920 1743 coelo
940 1694 1083 1768 quoque
1102 1668 1214 1745 servet
1231 1689 1409 1758 amorem,-

309 1816 357 1913 '35
359 1839 383 1912 5
408 1813 621 1910 Auxilioque
638 1823 759 1916 juvet,
776 1818 1008 1918 fugiendaque
1029 1819 1207 1918 Gorgonis
1227 1839 1290 1889 ora

414 1962 602 2053 Sustineat,
622 1961 839 2062 spoliumque
859 1964 943 2052 srbi,
960 1963 1164 2062 pestemque
1190 1963 1337 2041 videnti.

413 2109 510 2185 Turn
534 2112 647 2188 vicina
668 2111 782 2186 serens
801 2113 884 2186 nixo
901 2113 1038 2214 vestigia
1059 2135 1159 2186 tauro

413 2259 640 2346 Heniochus,
657 2258 768 2331 studio
789 2261 1031 2357 mundumque
1047 2260 1083 2332 dr
1099 2283 1230 2334 nornen
1244 2258 1393 2356 adeptus
1398 2279 1414 2350 3

416 2408 533 2499 Quem
558 2405 707 2502 primurn
726 2431 828 2479 curru
847 2404 1050 2481 volitantem
1077 2409 1239 2506 Juppiter
1262 2405 1336 2481 alto

422 2681 509 2759 dedit,
522 2704 613 2767 quum
634 2682 760 2765 Perseos
778 2706 882 2745 armus
897 2684 1035 2766 Excipit.
1051 2682 1109 2743 Sed
1126 2702 1217 2763 neque
1229 2680 1266 2741 sie
1277 2679 1416 2741 feliciter:

371 2863 374 2868 ,
418 2819 486 2861 nant
504 2796 544 2859 ιο.
562 2798 701 2859 Deltoton
720 2796 851 2877 precedit
863 2795 964 2858 Persea
977 2844 986 2874 ,
997 2817 1056 2857 non
1068 2793 1118 2875 ipsi
1135 2792 1266 2887 streeedit.
1281 2791 1329 2854 ιο.
1341 2794 1417 2855 Del·

425 2934 506 2977 toton
531 2915 547 2975 ai
564 2914 694 2998 Pegaso,
715 2935 773 2974 non
791 2913 860 2974 item
879 2912 895 2974 l
913 2912 1013 2975 Perseo
1040 2910 1136 2994 iniquo
1161 2909 1248 2992 spatio
1275 2907 1418 2972 dividitur.

427 3026 500 3087 Hac
518 3025 683 3102 interpolata
699 3024 753 3083 else
777 3043 843 3082 cunr
857 3026 892 3083 Β.
913 3024 1060 3088 credimus.

463 3142 504 3202 V.
527 3145 596 3219 348.
614 3136 726 3200 Omnes
740 3135 802 3199 fere
820 3152 928 3198 veteres
950 3107 1045 3215 scripti
1068 3144 1095 3198 δι
1119 3136 1187 3220 editi
1206 3138 1314 3197 habent
1336 3137 1422 3220 qudd

425 3254 522 3318 tertiat
541 3252 644 3333 pauci,
662 3256 712 3316 cui
729 3269 790 3314 tert.
805 3250 954 3312 maluimus
970 3255 1039 3342 cui,
1061 3251 1125 3333 quia
1149 3273 1205 3313 non
1223 3254 1289 3313 ideo
1309 3251 1420 3334 fignum

424 3368 494 3431 illud
515 3371 703 3457 triangulum
721 3382 858 3442 vocatur,
878 3368 962 3450 qudd
976 3367 1063 3427 latera
1083 3367 1185 3427 habeat
1199 3366 1357 3447 inaequalia.

461 3487 502 3548 V.
525 3506 580 3567 35¹
603 3492 629 3547 u
655 3483 714 3566 seq.
737 3481 877 3544 Emendat
894 3484 929 3543 B.
954 3488 981 3543 δι
1004 3480 1129 3562 reponit,
1156 3480 1288 3563 juxtaque
1317 3484 1424 3543 relic‘lo

422 3600 602 3663 Andromede
618 3601 707 3664 vallos
717 3622 830 3667 metuat
841 3602 909 3681 jam
915 3601 1021 3682 pristis
1033 3598 1138 3675 hiatus,
1152 3601 1197 3661 Ni
1209 3613 1349 3669 veterem,
1364 3602 1422 3661 διο.

424 3724 492 3781 ἂν.
506 3739 558 3799 353
574 3715 727 3796 proscribit.
744 3714 816 3777 Haec
835 3714 870 3776 ad
888 3714 1017 3777 fabulam
1029 3722 1055 3776 δι
1074 3714 1110 3775 ad
1122 3713 1245 3775 coelestes
1260 3710 1423 3771 tabulatum

426 3838 531 3899 formas
550 3834 646 3896 allusio
676 3834 758 3895 nobis
782 3855 840 3894 non
870 3832 908 3895 ita
930 3832 1066 3912 displicet.
1095 3832 1139 3894 Ut
1159 3828 1232 3906 apud
1251 3828 1284 3886 B.
1307 3847 1425 3890 metuat

426 3971 478 4032 pro
494 3969 646 4027 metueret,
664 3944 776 4009 italors
795 3944 869 4024 apud
891 3943 1041 4005 Manilium
1061 3944 1150 4025 deflet
1167 3961 1217 4019 pro
1242 3941 1374 4023 desseret.
