3417 5075
448 645 495 709 'cr
610 635 704 707 Las
738 633 1236 718 Asrnortoatrourtt

353 842 427 928 495
451 814 698 914 Temporaque
721 809 879 919 obscurae
905 811 1012 884 nostis
1033 811 1252 910 deprendere
1268 782 1371 912 signis

450 966 527 1039 Jam
550 981 734 1060 poterant,
754 957 954 1056 coelumque
974 957 1049 1031 suas
1069 959 1263 1033 distinxerat
1284 960 1407 1042 hora&

440 1115 548 1205 Quot
570 1110 646 1209 posi
662 1107 836 1183 excidium
854 1107 976 1208 Trojae
993 1107 1069 1183 sunt
1090 1131 1188 1183 eruta
1205 1133 1333 1210 regna,

449 1255 657 1357 Quotcapti
677 1257 825 1358 populi!
847 1258 985 1353 quoties
1006 1256 1143 1331 fortuna
1164 1283 1227 1357 per
1249 1259 1379 1331 orbem

449 1406 636 1515 Servitium
650 1405 906 1514 imperiumque
925 1404 1027 1494 tulit,
1044 1407 1206 1504 varieque
1228 1378 1397 1481 ievertit!

350 1574 428 1662 500
452 1555 627 1656 Trojanos
650 1556 784 1630 cineres
803 1558 838 1628 in
860 1560 1026 1653 quarittun
1044 1553 1154 1629 oblita
1173 1553 1302 1629 refovit

372 1804 374 1809 Ι
449 1703 657 1801 Imperium!
674 1703 750 1775 fatis
768 1699 862 1782 Afiae
882 1709 953 1802 jam
970 1702 1107 1776 Graecia
1126 1666 1238 1800 pressa
1259 1701 1320 1773 esi.

450 1817 585 1925 soecusa
601 1848 820 1942 dinumerare
836 1825 960 1948 piget,
978 1847 1184 1945 quotiesque
1202 1812 1395 1949 recurreno

451 1997 619 2072 Lusitavit
637 1978 806 2070 mundum
830 1997 926 2073 vario
951 1994 1002 2067 sol
1024 1999 1144 2096 igneus
1164 1998 1267 2073 orbe.

453 2148 586 2223 Omnia
604 2145 742 2222 mortali
758 2144 932 2220 mutantur
949 2144 1028 2247 lege
1053 2165 1191 2235 creata3

358 2321 431 2406 505
454 2299 534 2375 Nec
554 2296 590 2370 se
609 2295 822 2396 cognoscunt
844 2318 969 2382 terrae,
986 2296 1196 2370 vertentibus
1215 2293 1339 2385 annis3

453 2447 578 2521 Exutae
593 2447 722 2523 variant
743 2446 869 2519 faciem
892 2470 955 2545 per
983 2442 1108 2519 saecula
1129 2462 1262 2543 gentes.

454 2599 507 2679 At
524 2620 640 2702 manet
656 2595 843 2672 incolumis
854 2596 1027 2685 mundus,
1042 2593 1169 2691 suaque
1182 2591 1300 2683 omnia
1316 2569 1429 2671 seruat
1437 2609 1456 2688 3

389 2772 397 2791 ‘
457 2757 549 2848 Quae
569 2776 637 2827 nec
659 2749 764 2852 longa
784 2749 859 2822 dies
878 2768 1009 2847 auget,
1029 2743 1196 2820 minuitve
1215 2741 1390 2815 senedus:

458 2899 562 2973 Idem
588 2899 724 2998 semper
746 2900 834 2988 erit,
854 2898 1021 2995 quoniam
1038 2893 1174 2992 semper
1197 2890 1260 2962 fuit
1279 2888 1390 2965 idem·

358 3052 436 3136 '510
460 3045 547 3122 Non
567 3042 672 3114 aliurn
693 3042 812 3117 videre
836 3013 974 3138 patres,
998 3040 1148 3134 aliumve
1168 3058 1316 3137 nepotes

454 3192 662 3289 Aspicient:
685 3190 771 3261 deus
789 3185 859 3274 est,
876 3186 936 3282 qui
956 3207 1028 3255 non
1053 3184 1265 3261 mutaturin
1289 3205 1385 3258 aevo.

464 3349 1446 3383 ..........----------—--

492 3446 534 3511 V.
556 3454 622 3523 506.
642 3443 683 3503 Ita
702 3438 751 3501 Sc.
766 3433 875 3514 ceteri,¹
894 3437 1019 3499 Exutos
1033 3434 1172 3507 variam,
1191 3430 1267 3493 &sic
1291 3430 1449 3514 legendum
1478 3408 1481 3412 λ

461 3560 622 3643 pronuntiat
642 3559 737 3619 Stoeb.
758 3552 883 3617 Versum
901 3550 977 3613 hunc
996 3549 1211 3610 semibarbarum
1226 3548 1371 3628 proscribit
1393 3549 1431 3612 B.

496 3663 558 3736 Posi
576 3694 605 3738 v.
628 3678 706 3750 508¹,
722 3668 751 3729 in
766 3666 836 3732 vui.
847 3664 948 3750 legitur
961 3687 991 3729 v.
1002 3666 1150 3741 barbarus,
1172 3665 1251 3748 cujus
1268 3662 1451 3745 proscriptio,

460 3793 477 3859 ὲ
493 3771 620 3857 Bentieio
640 3788 734 3865 fabia,
757 3785 930 3848 stomachum
945 3785 1079 3846 Stoebero
1096 3799 1203 3848 movet.
1218 3782 1265 3849 Sic
1281 3780 1308 3846 se
1332 3780 1428 3845 habet.

506 3960 508 3963 Α
536 3911 593 3961 Nec
609 3920 689 3957 motus
703 3906 792 3971 pundo
804 3914 905 3959 cumae,
923 3902 1049 3965 cursusque
1070 3898 1166 3966 fatigat.
1279 3919 1281 3924 ·

498 4007 558 4072 Alii
578 4007 675 4093 legunt
690 4024 809 4078 curram
828 4002 876 4070 Sc.
893 4007 919 4074 tt
936 3997 982 4064 alii
992 4046 1003 4081 ,
1023 4000 1125 4069 currit,
