3417 5075
583 466 612 517 ff*

415 709 455 757 22
594 678 685 803 Lar
723 676 1256 815 Atraouonrqu'nt

310 850 382 946 185
405 856 604 955 Semper&
627 797 770 928 ulterior
790 855 995 932 vadentibus
1019 880 1114 932 ottus
1131 861 1177 932 ad
1200 852 1368 958 crtum

408 1003 627 1083 Occasumve
645 1003 763 1077 obitus
784 1003 915 1080 coelum
939 1033 1022 1081 cum
1040 1005 1118 1083 sole
1136 1029 1308 1106 pererret.

453 1154 535 1226 Nec
560 1153 657 1230 verb
668 1153 732 1228 tibi
751 1177 871 1230 natura
887 1132 1091 1278 admiranda
1116 1156 1228 1233 videri
1331 1261 1333 1265 Ι
1367 1153 1370 1158 ’
1412 1118 1416 1128 ¹

404 1303 592 1376 Pendentis
613 1326 713 1380 terrae
735 1303 865 1394 debet,
888 1331 971 1378 cum
996 1270 1148 1404 pendeat
1170 1301 1245 1403 ipse

404 1453 582 1544 Mundus,
603 1455 669 1527 8(
658 1480 694 1528 tn
713 1428 821 1530 nullo
819 1476 941 1556 ponat
955 1456 1093 1556 vestigia
1115 1453 1253 1542 fundo,

269 1596 272 1605 ’
307 1603 382 1692 '190
413 1605 520 1698 Quod
530 1627 629 1700 patet
645 1632 689 1679 ex
709 1607 778 1704 ipfit
796 1632 889 1680 motu
910 1589 1069 1705 curfitque
1089 1605 1236 1677 volantis
1245 1628 1264 1715 ,ᾗ

407 1751 501 1827 Cum
520 1753 697 1852 suspensus
717 1778 772 1848 eat
791 1757 969 1844 phaebus,
986 1753 1170 1850 currusque
1186 1749 1339 1824 telledat

406 1872 491 1972 Huc
513 1897 595 1972 illuc
615 1897 740 2001 agiles,
762 1903 798 1972 δι
817 1901 929 1976 servet
951 1901 987 1973 in
1007 1904 1139 1975 aethere
1164 1921 1293 1988 metas;

408 2047 506 2121 Cum
526 2045 608 2120 luna
633 2051 669 2121 &
688 2047 793 2124 ssellae
814 2047 962 2127 volitent
980 2073 1044 2145 pet
1064 2047 1174 2119 inania
1197 2041 1345 2117 muudi:

408 2193 550 2268 Terra
541 2222 683 2294 quoque
708 2200 813 2270 a'e'tias
838 2197 962 2298 leges
952 2168 1082 2270 amitata
1100 2193 1281 2293 pependit.
1389 2240 1391 2244 -

307 2351 357 2434 ll9
359 2354 382 2431 5
407 2343 493 2417 Est
483 2342 586 2443 tgitur
601 2345 754 2416 mediam
768 2341 870 2417 tellus
887 2342 1005 2417 sortita
1028 2367 1213 2420 cavernam

406 2466 566 2580 Aeris,
553 2517 572 2563 e
595 2513 673 2568 toto
694 2494 821 2594 pariter
842 2490 974 2567 sublata
994 2489 1199 2591 prolund0;
1239 2571 1244 2582 ,

406 2640 490 2714 Nec
506 2595 637 2738 patulas
663 2640 804 2715 distenta
823 2638 962 2741 plagas,
983 2638 1045 2714 sed
1064 2635 1257 2713 conditam
1278 2632 1408 2708 orbem

405 2789 577 2887 Undique
599 2789 794 2893 surgentem
811 2791 961 2901 pariter,
984 2788 1183 2889 pariterque
1207 2783 1409 2859 cadentem.

407 2940 497 3013 Haec
514 2940 562 3010 est
586 2962 717 3013 naturae
740 2941 857 3012 facies.
878 2941 937 3013 Sic
957 2939 1107 3012 mundus
1128 2939 1164 3010 dr
1188 2933 1263 3034 ipse

310 3095 385 3158 '200
411 3085 452 3159 In
476 3055 635 3157 convexa
653 3080 774 3159 volans
794 3102 923 3155 teretes
942 3083 1022 3156 facit
1041 3085 1111 3156 effe
1132 3084 1258 3179 figuras

286 3233 290 3241 ’
409 3228 616 3315 Stellarum3
632 3229 779 3327 solisque
802 3230 927 3303 orbem
949 3226 1111 3326 lunaeque
1129 3229 1319 3302 rotundum

410 3378 633 3481 Aspicimus,
650 3380 788 3454 tumido
808 3379 991 3476 quaerentis
1011 3402 1163 3476 corpote
1182 3375 1328 3463 lumen,

410 3524 519 3623 Qubd
538 3526 664 3628 globus
682 3526 845 3627 obliquos
869 3549 963 3603 totus
989 3552 1061 3599 non
1081 3526 1207 3623 accipit
1227 3525 1336 3624 ignes.

410 3681 500 3754 Haec
517 3698 644 3753 aetema
670 3699 787 3752 manet
808 3653 966 3773 divisdue‘
983 3672 1148 3748 fimillima
1168 3673 1301 3758 forma,

445 3973 494 4034 ¹V.
518 3995 585 4043 190.
604 3971 734 4053 Spurium
750 3971 845 4046 hunc,
863 3979 889 4032 δι
906 3968 977 4031 forte
989 3967 1197 4031 nonimmetitl)
1213 3968 1245 4028 B.
1260 3966 1408 4031 existimat.

451 4086 490 4152 V.
514 4108 579 4160 199·
602 4088 635 4152 B.
655 4087 713 4148 haec
733 4087 758 4149 ὁ)
779 4101 892 4149 naturae.
