3417 5075
352 595 359 601 .
467 653 533 721 ¹44
624 630 722 704 Las
757 627 1284 713 Asrnouonrquns

377 898 381 903 ,
464 810 591 882 Omnis
616 808 693 877 crim
716 801 810 879 coelo
831 802 979 899 fortunae¹
999 802 1152 901 pendeat
1175 802 1293 899 ordu,

245 966 249 973 ’
353 955 444 1040 Δῑασο
466 954 612 1057 Ipsaque
630 950 804 1027 debilibus
826 951 1021 1028 formentur
1041 952 1151 1026 sidera
1171 950 1355 1026 membris.

507 1102 744 1201 Temporibus
758 1127 902 1201 quoque
916 1101 992 1177 sunt
1009 1105 1156 1203 propriis
1178 1099 1349 1201 pollentia
1363 1097 1453 1200 figna.
1497 1164 1498 1173 ,

380 1318 384 1326 .
461 1250 572 1324 AEstas
590 1250 610 1323 a
631 1249 800 1352 geminis,
823 1252 1161 1351 autumnusvirgine
1182 1250 1312 1351 surgit,

460 1398 593 1472 Bruma
613 1397 797 1498 sagittifero
810 1427 827 1487 ,¹
840 1423 903 1473 ver
919 1395 1071 1494 piscibus
1088 1398 1209 1496 incipit
1233 1395 1317 1496 effe.

463 1549 638 1639 Quattuor
657 1545 693 1616 in
715 1567 829 1643 partes
848 1543 1040 1620 scribuntur
1065 1544 1174 1620 sidera
1196 1566 1319 1639 terna3

366 1702 417 1780 '26
417 1719 441 1797 5
464 1694 621 1767 Hiberna
642 1693 787 1801 aestivis,
805 1695 975 1768 autumnis
996 1719 1103 1772 verna
1122 1714 1330 1794 repugnant.

511 1844 593 1915 Nec
613 1841 689 1914 satis
715 1843 762 1915 est
783 1842 1140 1955 proprias'srgnorum
1164 1840 1310 1917 noscere
1337 1839 1457 1916 sortes:

286 2038 289 2045 -
332 2019 334 2022 ⁴
362 2018 365 2025 ·
462 1986 643 2062 consensu
660 2012 802 2084 quoque
818 1987 887 2060 fata
903 2009 1066 2075 movent,
1088 1990 1125 2060 ἃ
1143 1986 1279 2061 foedere
1290 1988 1459 2089 gaudent,

464 2136 587 2233 Atque
606 2134 686 2210 aliis
708 2133 773 2210 alii
792 2134 1095 2210 succeduntsurte
1113 2134 1281 2231 locoque.

466 2281 624 2353 Circulus
644 2304 682 2355 ut
703 2284 796 2355 flexo
813 2281 990 2382 'signorum
1013 2281 1320 2370 clauditur-orbe,

293 2406 295 2411 ,
366 2465 441 2546 270
465 2427 505 2498 In
523 2431 592 2499 t'res
603 2426 759 2524 aequales
783 2426 940 2502 discurrit
958 2427 1049 2502 linea
1069 2430 1188 2502 duetus
1200 2481 1212 2516 ,

463 2575 576 2673 Inque
594 2577 709 2652 vicem
732 2578 892 2671 extremis
915 2576 1025 2679 jungit
1049 2577 1084 2651 se
1102 2575 1225 2663 finibus
1246 2576 1348 2674 ipsa;
1441 2608 1443 2614 ·

463 2728 512 2801 Et
535 2749 767 2825 quaecumque
789 2724 891 2813 ferit,
912 2726 1072 2800 dicuntur
1091 2722 1182 2826 signa
1201 2700 1362 2825 trigona,

462 2873 506 2947 In
526 2877 590 2948 tria
608 2877 749 2973 partitus
773 2873 871 2974 qubd
890 2895 943 2947 ter
965 2872 1058 2947 cadit
1074 2868 1217 2973 angulus
1240 2872 1355 2964 aflra3

360 3036 362 3040 ’
463 3026 554 3115 Quae
571 3020 678 3095 divisa
700 3044 839 3092 manent
857 3023 959 3093 ternis
976 2984 1131 3093 distantia
1151 3018 1262 3120 fignis.
1287 3045 1292 3057 ··
1371 2998 1375 3003 ’

367 3204 447 3287 275·
466 3168 614 3268 Laniger
631 3170 651 3238 ὲ
670 3168 809 3266 paribus
829 3151 942 3267 spatiis
964 3169 1037 3241 duo
1055 3170 1167 3269 signa,
1195 3168 1307 3242 leonis

395 3537 400 3549 ·
504 3498 547 3564 V.
566 3508 635 3579 263.
654 3498 791 3575 Omnes,
808 3499 906 3581 incipit
925 3501 998 3584 effu
1014 3498 1049 3561 B.
1071 3497 1169 3579 incipit
1189 3502 1241 3562 ire.

463 3676 465 3680 ,
504 3611 546 3676 V.
563 3616 632 3674 268.
651 3611 763 3673 Omnes
783 3630 838 3675 vet.
859 3615 953 3693 Atque
970 3616 1045 3684 aliis
1066 3604 1202 3677 alim.
1229 3615 1316 3678 ulicis
1336 3616 1412 3680 aliu,
1426 3614 1464 3679 F.

466 3730 541 3791 aliis
559 3729 646 3803 alia,
669 3725 744 3807 signa
768 3745 891 3805 nempe,
909 3726 1005 3787 ultimi
1027 3745 1140 3806 propter
1162 3727 1296 3790 taesuram
1318 3728 1465 3808 produiii.

467 3844 493 3905 E
508 3844 614 3906 duabus
630 3841 996 3929 posterioribus-leiiiunibus
1014 3864 1078 3905 earn
1095 3864 1156 3925 quae
1168 3844 1261 3928 magis
1278 3844 1398 3909 anistrit
1414 3845 1466 3914 eli,

382 3993 385 3999 ·
474 3931 543 4040 ‘gete
562 3980 613 4039 per
633 3978 684 4022 nus
697 3953 773 4031 licet.

475 4046 477 4050 '
572 4046 580 4054 ·
1413 4086 1467 4137 COS
