3417 5075
407 644 531 710 '134=
612 619 1223 708 Lnsnsnnononmuus
1319 626 1322 631 ’

405 791 624 869 Amiffumve
643 791 778 871 dolent.
802 796 976 890 Quaedam
994 795 1070 872 sunt
1089 819 1189 895 parte
1210 796 1347 888 recisi,-

321 1018 327 1033 ,
407 941 529 1037 Atque
552 964 596 1011 ex
621 939 758 1017 diverso
781 943 968 1017 commiffis
993 968 1145 1044 corpore
1165 946 1357 1034 membris,

407 1087 460 1162 Ut
477 1090 723 1188 capricornus,
744 1092 870 1181 dehic,
884 1094 944 1190 qui
956 1095 1126 1169 intentum
1139 1095 1255 1197 dirigit
1263 1117 1396 1183 arcum,
1438 1102 1439 1111 ’

231 1278 237 1289 κ
351 1228 354 1232 i
403 1236 542 1310 Junuus
561 1226 679 1335 equo:
702 1262 780 1336 pars
800 1239 882 1312 huic
904 1230 1080 1333 hominii,
1095 1241 1156 1317 sed
1171 1239 1265 1316 nulla
1285 1242 1396 1342 priori·

305 1391 382 1470 170
406 1385 480 1458 Hoc
504 1413 633 1482 quoque
645 1386 851 1483 seruandum
874 1389 919 1488 ess
940 1396 1014 1463 alta
1034 1391 1204 1490 discrimen
1219 1395 1257 1464 in
1278 1415 1377 1482 arte3

403 1532 521 1632 Distat
544 1537 654 1628 enim,
673 1537 814 1647 gemimi-
834 1540 903 1610 duo
917 1535 992 1631 fine
1014 1541 1162 1634 dupldne
1173 1539 1317 1640 figttrci.

404 1683 501 1777 Quin
525 1683 630 1755 etiam
650 1684 804 1784 Erigone
827 1683 917 1758 binis
938 1707 1135 1760 numeratur
1152 1687 1189 1759 in
1209 1689 1330 1780 astris,

403 1829 451 1903 Et
471 1831 560 1903 facie
582 1835 617 1904 &
635 1833 769 1905 ratione
793 1828 947 1932 duplex:
973 1860 1054 1908 nam
1076 1835 1197 1909 definit
1215 1838 1340 1930 aessas,

402 1973 532 2076 Incipit
554 1998 735 2053 autumnus
756 1980 871 2052 media
890 1979 953 2052 sub
977 1982 1109 2080 virgine
1128 1983 1321 2080 utrimque.

308 2150 356 2226 17
359 2145 382 2222 5
402 2125 542 2202 Idcirco
562 2128 704 2233 tropicis
723 2127 927 2228 praecedunt
945 2127 1106 2201 omnibus
1126 2128 1209 2200 aflta

403 2280 514 2362 Bina3
533 2301 571 2350 ut
589 2277 768 2376 laniget0,
797 2277 928 2366 chelis,
953 2303 1178 2378 cunctoque,
1198 2303 1430 2382 captoque31

403 2422 512 2515 Quid
530 2421 687 2518 duplices
704 2422 850 2494 retinent
874 2445 1036 2496 connexo
1058 2444 1220 2522 tempore
1240 2429 1349 2504 vires.

404 2569 481 2662 Ut,
500 2596 590 2669 quos
613 2568 828 2668 subsequitur
848 2576 973 2643 canc'et
989 2595 1054 2669 per
1077 2561 1187 2646 fideia
1208 2574 1334 2653 fratres
1344 2630 1359 2675 ,

405 2722 438 2796 E
461 2722 606 2823 geminis
627 2718 711 2795 altet
731 2721 890 2795 florentia
911 2742 1073 2819 tempora
1091 2722 1180 2799 veris

311 2880 390 2953 '180
411 2872 568 2989 Sufficit,
591 2870 742 2945 aessatem
760 2869 929 2944 sitientem
951 2871 1116 2970 provehit
1135 2867 1246 2945 alter:

263 2989 265 2994 Ι
405 3023 531 3094 Nudus
545 3043 692 3117 uterque
705 3041 844 3118 tamen,
857 3019 957 3094 sentit
970 3021 1050 3117 quia
1070 3040 1216 3118 uterque
1230 3019 1406 3119 casoremg

405 3166 470 3242 Ille
495 3147 699 3243 senescentis'
719 3169 831 3253 veris,
851 3165 1079 3240 subeuntis&
1098 3165 1159 3241 ille

407 3301 543 3394 AEstatis
559 3349 571 3411 3
588 3345 651 3418 pat
671 3319 718 3393 est
729 3317 864 3414 ‘primae
884 3314 955 3387 sors
975 3312 1096 3387 ultima
1113 3315 1209 3389 sorti.

408 3638 488 3697 ceat,
515 3621 591 3702 legat
611 3642 763 3683 externum
779 3622 827 3683 vel
851 3622 984 3696 externi,
1006 3617 1080 3701 quod
1105 3638 1205 3697 patum
1223 3617 1315 3681 abfuit
1336 3617 1408 3700 quin

407 3755 622 3819 reponeremus3
639 3734 686 3795 sed
707 3734 776 3797 uicit
796 3712 923 3797 omniunt
941 3735 1072 3797 codicum
1089 3732 1244 3796 auderint.

443 3853 485 3918 V.
505 3874 579 3930 170,
604 3850 668 3922 tit.
686 3849 750 3913 Hos
769 3828 865 3915 versus
881 3871 932 3933 pto
951 3847 1048 3931 spuriis
1060 3848 1143 3913 habet
1155 3848 1190 3912 B.
1210 3848 1258 3917 cui
1283 3846 1407 3914 libentes

407 3989 504 4033 manus
526 3966 689 4035 dederimus.
