3417 5075
413 636 482 705 300·
593 591 688 690 tes
723 616 1225 707 Asraonourquas

408 793 519 887 Quod
534 794 636 892 super
648 794 788 868 occasus
802 792 973 893 templum
986 795 1055 883 est,
1070 795 1143 868 hoc
1159 789 1392 868 denareurittit

309 929 386 1009 '610
406 942 592 1018 Annorum
609 943 730 1041 spatia,
746 945 782 1016 ἃ
797 944 973 1017 decimum
987 942 1095 1019 tribus¹
1109 942 1265 1044 ampliat
1275 967 1391 1018 annun·

337 1106 342 1115 '
406 1088 550 1166 Inferius
570 1118 726 1191 puerum.
743 1093 917 1168 interimet
931 1122 945 1187 3
961 1095 1015 1169 bis
1036 1094 1169 1191 sexque
1195 1072 1329 1192 perafli

406 1239 593 1314 immatura
612 1245 748 1317 trahent
766 1245 895 1318 natales
918 1267 1068 1343 corpora
1088 1242 1212 1315 morti.

453 1389 529 1462 Sed
540 1390 657 1463 temen
670 1392 706 1462 in
719 1393 835 1489 primis
850 1394 998 1465 memori
1010 1389 1085 1464 sunt
1098 1412 1229 1466 mente
1240 1391 1389 1480 notanda,

404 1537 560 1610 Partibus
581 1535 727 1632 adverlrs
747 1561 826 1635 quae
849 1537 987 1640 surgunt
1006 1539 1149 1611 condita
1167 1539 1295 1640 signa,

308 1687 382 1782 '615
405 1686 634 1782 Divifumque
655 1709 775 1759 tenent
794 1710 898 1785 aequo
922 1687 1117 1761 discrimine
1129 1686 1281 1768 eoelum
1293 1713 1307 1779 3

405 1839 490 1929 Quae
508 1839 643 1933 tropica
664 1836 861 1936 appellant,
886 1836 982 1934 quiid
999 1838 1035 1908 in
1052 1833 1119 1908 illis
1137 1857 1314 1932 quattuor
1333 1832 1387 1906 anni

269 2061 272 2067 ,
383 1975 386 1981 ’
405 1987 588 2083 Tempora
601 2009 779 2059 vertuntur
797 1986 917 2086 signis,
935 1984 1119 2080 nodosque
1139 1982 1343 2066 resolvunt3

405 2133 611 2231 Totumque
630 2136 792 2211 emittunt
807 2132 977 2219 eonverlo
999 2133 1139 2206 cardine
1165 2133 1352 2220 mundum,

404 2279 649 2380 Inducunrque
669 2309 777 2359 novas
799 2309 948 2383 operum
972 2263 1161 2378 rerumque
1183 2280 1343 2382 figuras„

221 2454 233 2489 t
306 2426 382 2501 '620
455 2431 591 2500 Cancer
609 2431 654 2500 ad
670 2431 795 2503 aestivae
817 2429 927 2528 fulget
947 2428 1074 2526 fastigia
1094 2451 1231 2518 zonae,

404 2577 636 2673 Extenditque
660 2577 757 2651 diem
778 2577 972 2684 summum,
992 2603 1179 2676 parvoque
1197 2580 1331 2655 recelsu

405 2727 634 2819 Dessrui13&
658 2749 788 2825 quanto
810 2728 978 2803 fraudavit
999 2749 1164 2827 tempore
1185 2699 1310 2820 lucer,
1378 2774 1385 2791 .

405 2876 601 2978 Inltantum
618 2878 735 2950 nolles
759 2898 887 2977 auget:
908 2877 967 2949 stat
986 2874 1118 2954 summa
1139 2904 1210 2974 per
1236 2904 1350 2953 omne.

340 3018 345 3032 '
370 3034 372 3038 ’
405 3019 508 3098 Tunc
533 3026 702 3097 Cererem
722 3022 831 3123 fragili
847 3046 1022 3152 ‘properat
1047 3024 1261 3127 destringere
1288 3025 1391 3100 culmo

365 3436 369 3442 ι
441 3367 482 3429 V.
496 3378 562 3429 621.
578 3372 611 3430 B.
623 3372 777 3451 parilique
789 3369 892 3430 recellu
900 3392 912 3438 ς
929 3368 1021 3429 mimis
1037 3371 1111 3429 teile
1124 3418 1133 3445 ,
1147 3388 1180 3434 ut
1194 3374 1396 3439 nobist'ttletur.

400 3494 401 3497 ’
438 3484 479 3547 V.
502 3503 571 3545 622.
589 3485 954 3567 Omnes‚&quanto;B.
973 3508 1005 3547 aa
1024 3508 1076 3564 pro
1094 3488 1134 3551 Θ.

443 3600 481 3660 V.
502 3603 621 3674 624.lta
640 3621 737 3662 omnes
755 3616 812 3663 vet.
831 3599 959 3678 scripti&
975 3599 1060 3675 editi,
1079 3598 1129 3660 nili
1140 3604 1222 3681 quod
1234 3604 1291 3666 Ve.
1305 3611 1331 3666 &
1344 3604 1398 3669 vo.

402 3735 452 3798 pro
465 3734 608 3796 properat
627 3712 729 3775 habent
748 3736 933 3795 properant,
959 3734 1027 3795 quos
1054 3712 1177 3794 sequitur
1196 3716 1233 3805 Β.Ι
1254 3726 1282 3779 &
1302 3719 1332 3780 in
1350 3718 1402 3778 line

402 3826 499 3893 versus
516 3830 587 3891 solus
613 3827 808 3892 distintilonem
825 3832 876 3906 (3)
898 3828 1022 3891 adhibet.
1039 3827 1115 3890 Scal.
1135 3832 1264 3895 mutarit
1282 3835 1404 3917 destrin-

364 3923 366 3931 ’
400 3951 471 4015 gere
491 3929 519 3992 in
535 3931 720 4015 distinguere.
