3417 5075
412 620 454 685 86
513 606 521 625 ’
592 612 682 682 Lus
722 600 1247 691 Asunononmuas'

407 788 585 862 Candidus
599 784 636 855 in
651 779 758 880 nigro
779 779 872 855 lucet
896 781 941 856 lic
962 782 1060 858 limes
1086 756 1274 881 Olympo,

407 931 606 1010 Coeruleum
628 931 772 1031 pingens
796 931 926 1032 ingenti
951 929 1081 1005 lumine
1106 932 1291 1005 mundum.

407 1086 527 1179 thue
549 1080 627 1154 suos
649 1060 755 1156 arcus·
767 1108 831 1182 per
845 1062 963 1156 nubila
989 1083 1129 1156 circinat
1148 1081 1236 1167 Iris,

307 1240 384 1336 '690
410 1231 467 1307 Sic
488 1231 757 1329 superincumbit
777 1233 907 1333 fignato
929 1228 1079 1303 culmine
1102 1228 1200 1302 limes

331 1379 607 1505 Candidus,
631 1381 668 1509 <Sc
688 1377 845 1478 resupina
863 1377 944 1485 facit
964 1376 1167 1451 mortalibus
1187 1399 1270 1457 cra,
1333 1452 1336 1459 ,

403 1531 503 1604 Dum
521 1554 614 1606 nova
634 1502 699 1629 per
717 1551 848 1604 caecam
867 1529 1029 1602 mirantur
1050 1524 1179 1598 lumina
1203 1524 1368 1614 nollem,

405 1679 656 1778 Inquiruntque
681 1678 789 1755 sacras
808 1682 961 1753 humano
986 1680 1126 1777 pellore
1149 1673 1279 1748 causas.
1308 1776 1314 1783 ι

408 1831 508 1901 Num
527 1828 563 1899 se
581 1829 724 1926 diduclis
748 1851 893 1901 conetur
913 1827 1047 1906 solvere
1071 1825 1185 1900 moles

313 1981 386 2075 695
414 1972 960 2078 Segminibus,1araquelabent
983 1975 1192 2072 compagine
1215 1971 1341 2056 rimae,

408 2127 678 2223 Admittantque
703 2150 836 2201 novum
857 2123 970 2198 laxato
991 2125 1153 2224 tegmine.
1162 2120 1296 2200 lumen.

410 2278 508 2370 Quid
526 2277 588 2351 fibi
603 2301 677 2349 non
698 2277 863 2363 timeant,
881 2277 997 2375 magni
1014 2301 1096 2349 cum
1113 2275 1254 2351 vulnera
1280 2276 1365 2351 coeli

413 2420 637 2518 Conspiciant
649 2475 660 2511 ‚
680 2421 848 2518 feriatque
873 2420 996 2495 oculos
1021 2423 1141 2522 injuria
1162 2422 1315 2503 mundi?

409 2543 476 2652 :An
498 2594 601 2646 coeat
623 2571 798 2666 mundus,
820 2569 1035 2672 duplicisque
1050 2593 1204 2647 extrema
1225 2589 1388 2653 cavernae

213 2733 215 2740 '
315 2732 394 2812 700
423 2723 666 2814 Conveniunt,
688 2718 839 2818 coelique
861 2699 938 2796 oras
961 2723 997 2794 8<
1025 2720 1175 2823 segmina
1199 2728 1367 2826 jungant3

416 2879 553 2973 Perque
572 2872 666 2973 ipsos
686 2872 746 2947 liat
764 2897 872 2947 nexus
888 2849 1061 2947 manifesta
1077 2873 1237 2961 cicatrix,

417 3022 583 3094 Fuluram
608 3020 755 3103 faciens;
782 3024 903 3093 mundi
929 3024 1065 3119 stipatus
1090 3024 1126 3094 ἃ
1157 3023 1252 3095 orbis

419 3168 562 3241 Aeriam
586 3168 623 3242 in
646 3162 811 3244 nebulam
834 3165 940 3241 craffai
960 3172 1168 3269 compagine
1192 3170 1332 3273 versus,

421 3313 463 3387 In
483 3339 616 3389 cuneos
641 3312 699 3388 alti
723 3336 826 3418 cogat
846 3314 1045 3387 fundamina
1065 3314 1158 3388 coeli.

324 3492 415 3572 705x
429 3466 490 3543 An
512 3463 633 3539 melius
655 3484 770 3540 manet
793 3460 850 3538 illa
872 3462 982 3554 fides,
1005 3491 1069 3565 per
1087 3464 1210 3541 saecula
1230 3440 1340 3564 prisca

355 3831 358 3838 Δ
425 3803 429 3810 ’
466 3762 507 3826 V·
527 3769 597 3838 687.
619 3763 730 3829 Omnes
749 3768 858 3842 limen
879 3766 914 3827 B.
949 3786 1078 3840 trames,
1101 3761 1164 3843 quia
1191 3766 1273 3823 limes
1297 3785 1326 3825 v.
1358 3768 1417 3831 690

413 3882 567 3961 *repetitum

466 3997 504 4061 V.
520 4008 587 4071 699.
600 3997 654 4060 Pro
670 3998 815 4075 mundus,
829 3995 862 4060 B.
869 3998 977 4078 potitis
987 4042 998 4073 ,
1008 3994 1072 4079 quia
1084 3996 1187 4058 mundi
1195 4016 1261 4055 mox
1278 3990 1419 4075 praecellit.
