3417 5075
475 660 539 729 130
663 638 755 712 Les
793 637 1297 730 Asrnouorrrquuc

224 880 231 890 ,
362 864 365 871 .
473 814 564 930 ῌῑεσ
584 836 650 914 ego
668 812 788 890 divino
812 814 952 914 cupiam
974 816 1055 889 clim
1081 815 1126 887 ad
1148 814 1257 888 fidera
1280 781 1368 888 flatu

406 932 413 945 ⁶
472 965 599 1052 Ferre,
619 987 685 1036 nec
705 965 741 1035 in
762 984 912 1052 terram,
934 989 1002 1038 nec
1018 966 1131 1039 turbae
1143 966 1295 1039 carmina
1308 965 1455 1045 conduma

369 1114 441 1198 135
468 1108 540 1183 Sed
563 1106 655 1182 solus
678 1133 794 1184 vacuo
814 1108 922 1184 veluti
941 1084 1091 1186 vestatus‘
1107 1113 1142 1184 in
1162 1113 1282 1197 orbe,

460 1255 569 1330 Liber
589 1281 692 1358 agam
714 1281 857 1344 currus,
872 1282 945 1330 non
965 1257 1221 1333 occursantibus
1239 1256 1321 1331 ullis
1331 1251 1356 1347 ,s

457 1404 542 1480 Nec
562 1429 625 1502 per
647 1406 716 1478 iter
735 1403 850 1481 socios
870 1380 1059 1479 commune
1079 1390 1278 1507 regentibus
1300 1409 1406 1487 acius.

462 1551 536 1626 Sed
557 1547 655 1624 coelo
678 1529 855 1659 nescienda
872 1576 1017 1641 canam,
1037 1551 1236 1626 mirantibus
1256 1553 1373 1641 astris,

467 1696 513 1770 Et
528 1697 702 1798 gaudente
724 1700 775 1773 sui
791 1701 925 1774 mundo
949 1725 1013 1799 per
1031 1700 1181 1774 carmina
1203 1700 1319 1776 vatis:

349 1864 438 1948 ,140
460 1845 535 1926 Vel
553 1847 678 1942 quibus
696 1845 755 1919 illa
776 1845 892 1920 sacros
914 1815 988 1921 non
1010 1850 1167 1938 invidere
1187 1852 1347 1941 meatus,

463 1994 707 2092 Notitiamque
725 1991 774 2066 sui
784 2021 797 2086 3
813 1993 954 2066 minima
974 1994 1022 2066 est
1037 2017 1118 2090 quae
1138 1997 1237 2070 turba
1248 2024 1319 2096 per
1332 1999 1454 2084 orbern

462 2141 529 2218 llla
547 2143 734 2244 frequens,
754 2163 835 2238 quae
854 2140 1013 2228 divitias,
1030 2164 1111 2238 quae
1130 2139 1238 2242 diligit
1259 2166 1413 2236 aurum,
1445 2179 1450 2191 ·

462 2291 636 2387 Imperia,
655 2291 691 2361 ἃ
713 2286 842 2376 fasces,
863 2286 1081 2387 mollemque
1097 2313 1161 2387 per
1182 2291 1254 2362 otia
1271 2289 1419 2390 luxum,

464 2436 510 2510 Et
528 2432 663 2506 blandis
683 2431 817 2510 diversa
836 2432 952 2522 sonis,
974 2401 1187 2531 dulcemque
1204 2462 1271 2535 per
1289 2464 1392 2516 aures

244 2659 248 2665 ,
365 2604 442 2691 u45
465 2582 664 2669 Alfenum,
684 2603 723 2655 ιιι
743 2569 888 2653 modico
908 2579 1085 2655 noscenda
1107 2584 1153 2657 ad
1170 2585 1240 2659 fata
1259 2585 1398 2667 labore.

465 2738 551 2810 Hoc
574 2758 716 2833 qnoque
737 2730 887 2805 fatorum
906 2730 974 2820 est,
996 2729 1112 2834 legem
1133 2735 1334 2830 perdiscere
1350 2739 1420 2817 fari.

517 2888 564 2961 Et
580 2886 730 2984 primurn
742 2878 907 2958 astrorum
919 2884 1013 2961 varia
1030 2885 1078 2958 est
1090 2906 1208 2959 natura
1223 2890 1384 2964 nouanda

471 3355 474 3362 .
512 3290 553 3356 V.
578 3310 631 3372 ¹35
650 3334 658 3364 ‚
692 3297 769 3368 136,
793 3306 860 3367 ¹37·
884 3285 949 3348 Hos
982 3304 1037 3350 tres
1062 3290 1157 3353 versus
1173 3311 1206 3354 ur
1225 3294 1394 3358 adulterinos
1411 3292 1465 3360 resa

472 3406 533 3489 puit
551 3404 587 3471 Β.
1213 3485 1217 3492 ,

513 3521 553 3584 V.
576 3540 631 3591 142
644 3566 653 3594 ‚
676 3540 749 3599 143,
772 3538 828 3593 144
837 3564 850 3597 2
866 3536 934 3592 145.
950 3514 987 3577 Et
1004 3514 1056 3577 llos
1068 3516 1171 3596 pariter
1186 3518 1334 3599 proscribit
1345 3522 1382 3585 B.
1392 3522 1464 3585 Prior

474 3633 550 3714 apud
562 3650 660 3691 ornnes
672 3630 709 3689 lic
721 3629 839 3706 incipit,
850 3633 909 3690 illa
919 3632 999 3712 fluit
1012 3678 1021 3706 ,
1036 3631 1084 3691 vel
1102 3624 1176 3713 apud
1193 3634 1327 3715 quosdam
1336 3657 1392 3698 rec.
1405 3639 1465 3699 llta

447 3781 455 3788 ·
467 3755 554 3837 fuir,
572 3766 632 3828 quae
651 3744 716 3825 quid
729 3744 900 3829 significent,
917 3766 974 3806 non
986 3746 1173 3829 intelligimus.
1189 3751 1252 3811 Illa
1256 3754 1354 3836 fluit,
1371 3750 1404 3813 id
1415 3753 1464 3829 en,

476 3874 535 3941 illa
546 3862 697 3941 numerosa
714 3864 772 3944 est,
785 3862 922 3944 inquiunt.
939 3860 996 3925 sed
1011 3864 1129 3925 verbum
1138 3866 1237 3948 fluere
1246 3912 1256 3943 ‚
1273 3866 1303 3931 iu
1319 3888 1355 3931 eo
1370 3868 1465 3945 sensu,

478 3979 581 4052 nullibi
603 3974 722 4062 repetire
741 3975 788 4040 eu.
