3417 5075
417 630 523 700 ια·
618 624 710 701 Lm
746 625 1229 719 Asunorronrqurs

410 799 593 878 Intervalla
610 802 712 874 etiam
732 805 882 876 memori
902 800 978 875 sunt
996 823 1113 875 mente
1134 797 1320 888 notanda,³

409 948 475 1022 Per
491 956 596 1050 majus
613 912 789 1038 dimensa,
810 949 883 1024 suas
903 951 1084 1024 reddentia
1103 950 1207 1024 vires.

408 1096 582 1192 Quicquid
601 1098 645 1170 ab
668 1119 792 1170 exortu
810 1096 983 1171 summum
1002 1119 1160 1175 curvatur
1179 1097 1217 1167 in
1236 1093 1366 1167 orbern

313 1244 386 1342 830
408 1245 532 1318 AEtatis
555 1247 679 1346 pritnae3
701 1244 938 1345 nascentisque
959 1245 1069 1320 allerit
1091 1271 1210 1320 annos.

403 1394 515 1487 Quod
539 1391 676 1468 summo
701 1397 868 1495 premitur
888 1398 1062 1483 devexum
1083 1394 1241 1466 culmine
1270 1388 1403 1484 mundi,

403 1540 537 1617 Donec
552 1542 598 1614 ad
620 1542 764 1616 ‘occasus
791 1544 929 1632 veniat,
950 1542 1139 1642 puerilibus
1162 1543 1267 1615 annis

404 1680 591 1780 Succedit,
611 1711 837 1791 teneramque
853 1694 941 1794 regit
961 1691 1023 1767 sub
1038 1671 1119 1769 sede
1134 1696 1335 1791 juventam.

404 1842 495 1932 Quae
518 1864 595 1936 pars
618 1841 760 1913 occasus
787 1842 874 1914 infra
894 1841 966 1930 ell,
989 1842 1170 1937 imumque
1193 1838 1263 1913 sub
1290 1834 1402 1913 orbem

306 1984 378 2078 835
397 1974 614 2075 Descendit,
629 1988 719 2086 regit
736 1988 814 2061 haec
835 2008 979 2060 maturae
998 2009 1160 2084 tempora
1181 1987 1292 2075 vitae,

404 2138 451 2211 Et
471 2105 724 2234 propriai'lerie
747 2134 923 2232 varioque
937 2135 1086 2208 exercita
1111 2107 1227 2205 eursu.

403 2286 458 2361 At
477 2286 546 2381 qua
564 2281 740 2382 perficitur
759 2262 875 2356 cursus
896 2281 1088 2378 quadrante
1107 2276 1169 2352 sub
1191 2278 1304 2367 ime,

404 2431 523 2502 Tarda
546 2428 741 2528 supinatum
761 2428 884 2509 lassatis
904 2431 1032 2506 viribus
1051 2452 1171 2502 arcum

391 2555 629 2668 llscendens,
648 2551 743 2673 seros
764 2580 910 2654 demum
930 2577 1174 2677 compleffitur
1196 2602 1334 2665 annos,

306 2733 382 2835 840
405 2731 671 2825 Labentemque
691 2728 787 2801 diem
810 2729 917 2816 vitae,
937 2723 1192 2821 tremulamque
1223 2726 1405 2808 senectam

449 2863 580 2976 'Omne'
588 2878 734 2978 quidem
748 2877 880 2979 srgnutn
895 2874 958 2950 sub
974 2874 1218 2973 qualicumque
1238 2874 1350 2977 figura

405 3027 561 3120 Partibus
584 2993 733 3116 inficitur
752 3026 898 3099 mundi:
923 3009 1023 3095 locus
1045 3024 1194 3121 imperat
1215 3024 1333 3115 astris,

411 3175 457 3247 Et
482 3174 584 3246 dotes
613 3198 813 3270 noxamque
836 3174 1144 3278 facittuvenuntur
1171 3175 1210 3246 in
1234 3175 1361 3250 orbem

451 3409 493 3474 V.
512 3416 578 3471 8281
597 3412 640 3471 Ita
654 3430 759 3471 ornnes.
775 3407 810 3471 Β.
832 3407 887 3470 Per
903 3411 1050 3493 quadrum
1072 3410 1208 3479 dimensa.
1226 3413 1285 3477 Pon
1304 3417 1409 3496 majus

414 3519 566 3587 necessarii>
581 3525 738 3588 subauditur
756 3524 887 3605 spatium.

358 3663 360 3667 ⁴
450 3635 490 3698 V.
517 3643 585 3716 830.
603 3639 636 3699 Β.
659 3642 797 3704 AEtatem
814 3643 960 3719 primam,
980 3615 1208 3725 nascentesque,
1223 3648 1278 3705 dte.
1294 3642 1412 3728 elegam

400 3754 482 3831 Χιῐὺες
501 3754 548 3814 sed
567 3756 719 3824 reclamant
732 3750 843 3812 codices
862 3753 990 3817 univerli.

456 3870 497 3934 V,
519 3875 587 3947 836.
608 3866 641 3929 B.
664 3865 811 3945 Perpetuci
831 3866 918 3944 serie3
938 3867 1028 3929 caeteri
1042 3888 1159 3944 ornnes,
1179 3874 1207 3933 c>
1219 3865 1365 3957 proptia,

358 4027 362 4043 .
456 3978 497 4046 .V.
515 3986 584 4062 843.
607 3974 737 4066 Omnes,
756 3999 946 4067 noxamques
963 3980 998 4044 B.
1012 4001 1177 4049 noxamve·
