3417 5075
395 627 460 693 286
562 606 1185 704 rr-srs‘rrouomqurs

445 793 510 868 Illa
525 798 628 870 etiam
652 793 779 893 poterit
799 791 939 865 nascens
959 792 1015 865 via
1038 791 1174 863 ducere
1193 784 1243 860 ad
1259 779 1374 856 assmm

293 936 368 1036 480
390 944 500 1039 Quod
525 946 734 1041 quaudoque
750 942 846 1015 vadis
871 937 1029 1014 emissum
1050 938 1215 1013 redditur
1235 932 1333 1008 orbi.

392 1093 488 1167 Nam
507 1112 614 1188 quota
629 1088 668 1162 su
689 1086 802 1181 lucis,
823 1085 847 1158 fi
867 1084 947 1160 luce
966 1086 1178 1182 requiritur,
1201 1058 1300 1155 hora

394 1239 573 1336 Aspicies3
587 1259 692 1333 atque
710 1237 804 1308 huuc
821 1260 1003 1309 numerum
1022 1232 1217 1309 revocabis
1238 1231 1279 1302 in
1298 1225 1392 1327 ipsum

394 1387 628 1485 Multiplicans
652 1387 796 1476 decies3
816 1385 953 1484 adjeffis
970 1383 1111 1481 insuper
1132 1382 1267 1459 eidem

394 1500 561 1634 Quinque
572 1559 688 1610 tamen
703 1535 841 1607 summis
857 1561 866 1608 ε
883 1536 963 1630 quia
973 1532 1232 1631 qualicumque
1247 1529 1313 1603 sub
1325 1527 1394 1605 hou

297 1662 372 1764 485
397 1681 471 1757 Ter
499 1685 618 1782 quinas
642 1682 763 1754 mundi
788 1679 821 1756 se
843 1679 970 1753 tollunt
987 1680 1095 1782 fidere
1115 1701 1274 1777 partes„

395 1831 466 1902 Hic
481 1831 542 1902 ubi
566 1831 751 1902 constiterit
771 1853 956 1916 numerum
983 1807 1267 1924 conjungere&
1291 1819 1376 1909 illas,

395 1980 488 2073 Quae
505 1976 665 2079 superent
685 1977 827 2080 Phoebu
844 2000 959 2073 partes
984 1983 1049 2072 per
1069 1973 1191 2074 srgna,
1213 1988 1392 2045 memento.

395 2125 451 2198 Ex
473 2126 540 2198 hac
561 2126 707 2199 tricenas
731 2123 864 2198 summa
887 2148 949 2221 per
967 2121 1074 2195 fidera
1090 2141 1214 2219 partes

312 2243 324 2259 Ω
340 2373 343 2377 .
396 2271 609 2365 Distribues3
623 2246 842 2370 primamque
854 2274 990 2358 uicem,
1007 2295 1079 2368 quo
1089 2268 1256 2343 Phoebus
1272 2267 1309 2340 in
1321 2261 1391 2337 assro

297 2417 564 2510 vq'Fulsergit,
583 2419 665 2492 inde
681 2413 777 2506 aliie,
798 2415 910 2490 solem
928 2441 1162 2515 quaecumque
1180 2415 1373 2512 sequentur.

343 2606 346 2612 ν
395 2563 490 2642 Tum
511 2588 584 2662 quo
609 2564 758 2646 subsistet
779 2588 944 2638 numerus
959 2546 1250 2666 consumptusiu
1272 2564 1375 2653 astro,

362 2713 366 2724 '
395 2714 520 2810 Quave
534 2714 569 2785 iu
587 2734 684 2811 parte
696 2710 796 2785 ‘suam
815 2709 983 2787 summam
1007 2739 1202 2787 momenve
1222 2710 1390 2809 relinquitr

393 2835 487 2941 Haec
509 2864 572 2938 erit
590 2862 750 2937 exoriens
771 2862 807 2935 ἃ
831 2887 932 2960 pars,
953 2865 988 2935 ἃ
1009 2862 1134 2938 forma.
1157 2866 1228 2937 Per
1245 2864 1346 2965 ignes

395 3014 573 3088 continua
596 3033 722 3118 parrer.
745 3012 832 3085 Ubi·
847 3012 1017 3088 summam
1036 3013 1161 3087 feceris
1181 3038 1316 3101 unam,

295 3150 346 3263 49
349 3176 372 3254 5
396 3159 562 3233 Tricenas
588 3158 686 3232 dabis
708 3138 830 3231 exilia
852 3185 916 3258 per
935 3156 1062 3262 fingula
1083 3157 1200 3260 figna,

391 3304 523 3386 Donec
543 3304 681 3378 deficiat
701 3294 891 3384 numerus:
918 3324 1056 3406 quaque
1076 3308 1137 3381 ille
1159 3308 1226 3383 sub
1250 3309 1322 3398 astri
1365 3304 1369 3311 ’

392 3457 495 3534 Parte
517 3454 617 3531 cadat
630 3509 641 3544 ,
655 3454 777 3533 credas
796 3452 892 3529 illam
913 3449 995 3531 cum
1019 3481 1174 3555 corpore
1195 3480 1314 3534 natam

390 3600 474 3682 Effe
492 3605 666 3691 hominis,
685 3606 882 3701 pariterque
901 3606 1027 3680 orbem
1044 3589 1167 3682 vidiss'e
1183 3634 1250 3706 per
1267 3610 1377 3713 ignes·

395 3749 455 3830 Sic
477 3744 541 3828 erit
558 3747 631 3855 ipse
651 3752 716 3870 ribi
736 3754 864 3855 rapidis
886 3757 1091 3860 quaerendus
1114 3760 1151 3833 in
1169 3759 1267 3835 astris

1197 3847 1250 3938 N
