3417 5075
405 663 471 741 ²5²
520 716 523 721 ,
596 639 1213 748 LusAs'rnouourpuns

403 821 642 897 Fundamenta
661 835 763 894 ruunt
785 825 884 931 artis,
903 851 968 899 nec
983 825 1153 928 consonat
1178 826 1308 899 ordo:
1385 857 1387 862 ·

404 936 609 1044 Cardinibur
636 972 801 1066 quoniam
822 971 930 1062 falsis,
953 977 1012 1071 qui
1038 977 1159 1049 cuneta
1182 975 1406 1074 gubernant,

402 1115 567 1193 Mentitur
585 1116 711 1190 faciem
736 1122 908 1208 mundus,
922 1147 997 1195 nec
1021 1117 1151 1195 constat
1178 1124 1325 1221 origo,

401 1261 578 1360 Flexaque
598 1293 780 1341 momento
802 1274 973 1346 variantur
992 1271 1100 1344 fidera
1118 1269 1270 1367 templi.

305 1421 380 1481 '210
402 1414 475 1489 Sed
499 1437 627 1511 quanta
645 1419 767 1490 effestu
790 1444 845 1492 res
870 1421 941 1506 est,
965 1441 1035 1491 ram
1061 1417 1165 1516 plena
1187 1418 1351 1504 laboris,

377 1670 379 1674 Α
403 1561 567 1637 Cursrbus
590 1571 724 1642 aer'ernis
748 1561 918 1673 mundum
940 1594 1003 1666 per
1023 1568 1113 1668 figna
1133 1567 1350 1650 volantem,

403 1711 457 1787 Ut
477 1734 590 1786 totum
612 1713 726 1816 lussret
746 1721 893 1814 curvaris
914 1719 1059 1792 arcubus
1083 1715 1214 1789 orbem
1236 1767 1250 1802 ,

404 1856 627 1956 Exprimere,
651 1867 686 1936 ὃ(
707 1865 820 1939 vultus
842 1873 916 1964 ejus
937 1853 1154 1962 componere
1177 1883 1334 1951 certos,

352 2009 355 2015 ’
405 2006 465 2079 Ac
490 2030 594 2084 tantae
618 2007 718 2082 molis
739 2006 919 2083 minimum
939 2009 1201 2109 comprendere
1223 1987 1398 2106 puniium3

229 2244 230 2247 Ἴ
257 2192 261 2212 =
309 2178 355 2236 '21
360 2175 383 2253 5
410 2158 504 2247 Quae
527 2180 604 2253 pars
623 2182 807 2248 exortum,
827 2156 886 2235 vel
907 2180 991 2254 quae
1007 2153 1313 2256 sastigia‘mundi,

355 2269 358 2275 Ι
408 2305 486 2378 Aut
505 2326 591 2376 terat
608 2303 774 2398 occasus,
798 2327 855 2378 aut
874 2309 949 2378 imo
968 2305 1082 2380 fiderit
1103 2301 1210 2374 orbe.

326 2544 333 2556 ,
420 2430 422 2434 ¹
453 2449 535 2519 Nec
560 2472 617 2518 me
637 2449 786 2549 vulgatae
808 2451 946 2522 rationis
966 2448 1117 2545 praeterit
1139 2449 1269 2539 ordo,

394 2598 493 2689 Qua
512 2594 611 2667 binas
628 2594 745 2667 tribuit
762 2593 862 2693 signis
881 2593 1105 2703 surgentibus.
1117 2596 1253 2687 horas,

309 2710 310 2714 Ἰ
342 2715 344 2719 ¹
408 2744 454 2816 Et
476 2742 615 2841 paribus
636 2739 749 2839 spatiis
770 2738 910 2835 aequalia
929 2728 1056 2843 ¹digerit
1080 2743 1187 2824 astra3

310 2907 389 2965 '220
409 2895 464 2967 Ut
481 2915 578 2991 parte
596 2914 640 2964 ex
657 2887 733 2977 illa,
753 2889 821 2987 qua
839 2890 966 2988 Phoebi
989 2894 1135 2989 coeperit
1144 2880 1282 2979 orbis,

317 3023 321 3038 ἵ
378 3138 384 3148 ,
409 3041 576 3116 Discedat
587 3063 769 3125 numerus,
784 3038 1026 3135 summamque.
1035 3038 1297 3111 accommodet
1310 3033 1413 3124 astris,

409 3189 540 3263 Donec
558 3188 738 3282 perveniat
759 3175 926 3260 nascentis
953 3207 1090 3281 tempus
1113 3186 1159 3257 ad
1177 3186 1321 3285 ipsum3

284 3397 288 3402 .
368 3335 535 3433 ‘Atque
554 3332 614 3407 ubi
629 3332 830 3418 substiterit,
850 3333 980 3431 signum
1004 3333 1138 3404 dicatur
1157 3333 1251 3408 ori-ri.
1316 3331 1320 3337 ’

453 3741 493 3809 V.
518 3749 584 3804 216.
602 3739 694 3824 Vulg.
711 3756 757 3801 aut
767 3730 853 3821 ferat
870 3742 1003 3817 occasus,
1016 3758 1061 3801 aur
1077 3740 1134 3801 imo
1139 3717 1254 3823 sederit
1263 3745 1343 3804 orbe.
1355 3740 1420 3804 Vet.

415 3860 480 3923 mss.
500 3858 651 3941 Auferat,
668 3858 715 3921 vel
728 3857 896 3939 Aufferut,
914 3879 1011 3918 omnes
1027 3857 1055 3917 in
1086 3857 1142 3915 fine
1161 3862 1270 3919 orbem.
1298 3857 1370 3921 Inde
1389 3857 1421 3919 Β.

416 3972 549 4054 reponit,
569 3974 720 4057 Aurseros
740 3976 862 4051 obitus,
884 3976 1035 4037 antimum
1057 3969 1200 4067 obsederit
1212 3975 1324 4039 orbem.
1351 4011 1353 4016 ·
