3417 5075
419 584 513 700 '²7²'
605 607 1235 721 ΙῙΑῑεΑἐτιιοιτὲηιικὶυις

415 787 646 881 Dimidium&
669 813 744 863 toto
768 794 900 864 taurum
916 793 1010 867 videt
1035 792 1124 864 orbe
1146 793 1320 868 rotundi:

415 933 495 1007 Pars
512 935 593 1009 latet
611 937 761 1008 inferior.
784 939 915 1034 Neque
934 938 1027 1010 euim
1044 939 1281 1012 circumvenit
1299 938 1395 1018 illum

414 1081 519 1157 Reria
542 1085 648 1171 acies,
666 1086 851 1183 mediique
872 1068 971 1160 tenus¹
993 1088 1205 1186 distinguitur
1229 1086 1329 1164 alvos

414 1231 542 1334 Effugit
562 1259 647 1334 ergo
670 1232 793 1338 oculos
816 1236 953 1308 summo
974 1236 1150 1333 [perieritis
1178 1237 1227 1310 ab
1257 1237 1369 1327 orbe,

312 1363 388 1451 375
414 1379 512 1452 Dum
529 1379 587 1450 sex
606 1379 783 1452 submersis
801 1384 950 1455 veriarur
974 1385 1128 1457 Phoebus
1147 1385 1185 1455 irr
1203 1385 1334 1458 astris:

410 1526 588 1599 Sideribus
615 1527 732 1598 donec
746 1525 896 1603 totidem
921 1551 1008 1624 quot
1034 1531 1208 1603 mensibus
1236 1533 1345 1619 auis,

412 1672 567 1748 Cesserat
586 1676 680 1748 unde
692 1676 796 1761 redit,
812 1647 1034 1778 gemiuaique
1050 1679 1204 1752 ascendit
1220 1681 1272 1753 ad
1288 1682 1407 1772 ειῐᾶοςς

410 1822 640 1921 Adducitque
663 1823 762 1899 firnul
780 1824 875 1900 luces
887 1845 898 1915 3
923 1826 1150 1922 tenebrasque
1174 1826 1358 1926 relinquir

411 1977 481 2048 Hic
500 1974 599 2049 lo'cus
617 1976 654 2048 in
672 1976 770 2050 binas
791 2001 920 2048 annum
944 1966 1129 2071 hostesque
1148 1975 1307 2073 diesque

310 2125 387 2227 380
413 2124 481 2198 Per
500 2125 573 2197 duo
593 2126 727 2222 partitae
746 2125 874 2197 dirimit
894 2124 1040 2199 divortia
1061 2142 1175 2196 rerrae.

459 2277 507 2349 Et
533 2275 698 2370 quoniam
720 2295 850 2369 quanto
875 2273 1048 2375 qariantur
1067 2293 1233 2368 tempora
1255 2295 1376 2364 motu,-

408 2423 454 2494 Et
475 2423 600 2516 quibus
625 2421 645 2491 ὲ
664 2421 768 2493 caufis
786 2422 912 2492 diuum
931 2423 979 2492 est
989 2451 1002 2510 3
1024 2446 1116 2491 nunc
1131 2422 1283 2518 accipe,
1303 2423 1386 2524 figur

408 2545 508 2667 Quot
526 2568 660 2670 surgant
669 2570 706 2642 in
723 2594 866 2666 quoque
879 2567 982 2654 loce,
999 2567 1197 2665 cedantque
1211 2597 1283 2669 per
1295 2574 1407 2647 horas:

346 2810 352 2820 Ι
407 2720 564 2796 Partibus
585 2741 623 2792 ut
642 2719 767 2818 prendi
788 2718 912 2815 poffiut
940 2717 1083 2791 orientia
1102 2722 1234 2808 certis,

307 2868 382 2966 385
408 2869 466 2943 Ne
489 2866 587 2941 falsus
608 2868 713 2942 dubii
733 2869 867 2942 rarione
884 2866 1103 2965 horoscopos
1122 2889 1228 2940 erret.

407 3024 530 3115 Atque
552 3020 677 3090 hocin
700 3039 814 3092 totum
837 3017 931 3091 cerri
952 3016 1014 3090 sub
1036 3015 1114 3118 lege
1136 3016 1379 3114 sequendum,

405 3172 421 3266 (
439 3170 578 3269 Singula
599 3169 697 3266 qubd
718 3189 916 3265 nequeunt,
936 3193 999 3265 per
1015 3190 1068 3241 tot
1088 3169 1246 3264 distantia
1269 3188 1406 3252 motus,

404 3338 1398 3367 ...........-..-........................-

447 3454 490 3519 V·
510 3476 579 3536 374.
598 3452 728 3527 Omnes,
747 3451 784 3513 ab
801 3451 886 3528 orbe3
906 3450 937 3513 B.
956 3452 994 3512 ab
1016 3474 1086 3513 axe.
1107 3445 1196 3533 Quid
1215 3455 1261 3517 vir
1280 3449 1418 3544 douiffis

404 3589 467 3627 mus
486 3589 515 3627 v.
537 3576 613 3643 365,
639 3570 688 3627 ab.
705 3569 790 3640 orbe,
810 3564 912 3645 pariter
927 3564 956 3623 in
977 3569 1016 3627 ab
1042 3589 1101 3629 axe
1124 3568 1295 3641 mutaverit,
1312 3562 1407 3626 mirari

401 3701 460 3743 non
478 3680 591 3755 sumus;
608 3679 706 3740 eadem
721 3699 777 3739 vox
797 3684 872 3753 orbes
888 3679 955 3739 duos
972 3680 1118 3740 continuos
1137 3681 1232 3742 versus
1250 3703 1310 3743 nun
1330 3678 1407 3740 berle

402 3797 540 3862 terminat.
558 3795 617 3856 Cur
638 3812 730 3854 auteur
753 3794 799 3855 hic
819 3795 867 3869 ipfi
886 3795 1053 3875 displicuerit
1073 3801 1112 3858 ab
1134 3802 1221 3876 orbe,
1242 3820 1302 3859 non
1323 3795 1408 3876 dispi-

403 3917 508 3995 cimus;
520 3917 658 3997 summus
681 3915 760 3992 othir
775 3933 826 3993 pru
837 3914 958 3994 summa
983 3916 1062 3976 orbis
1080 3936 1170 3999 parte
1197 3917 1274 3978 reffe
1293 3913 1410 3974 dicitur.

1298 4033 1413 4107 jamnis
