3417 5075
355 695 364 711 ‘
462 696 507 760 'n
623 688 1262 780 ·l.asAsr1touorrrourts

469 959 472 964 ⁵
509 864 622 938 Ressat
637 876 684 939 ut
700 867 874 942 aethereos
898 863 983 942 lines
1001 869 1065 942 tibi
1086 871 1235 945 reddere
1260 894 1399 958 coner,

458 1014 599 1113 Filaque
624 1017 790 1116 dispositis
805 1020 939 1096 vicibus
958 1020 1158 1094 comitantia
1177 1020 1335 1111 eoelum,

457 1165 522 1240 Per
540 1189 619 1263 quae
641 1167 794 1267 dirigitur
814 1165 985 1267 signorum
1008 1169 1187 1242 flammeus
1209 1170 1313 1243 ordo·

286 1350 290 1356 ·
359 1294 435 1401 545
459 1313 617 1388 circulus
643 1318 688 1389 ad
706 1315 852 1391 boream
874 1315 1065 1421 fulgentem
1089 1317 1224 1392 sustinet
1239 1319 1381 1404 ardon,

454 1461 595 1560 Sexque
613 1461 699 1563 fugit
721 1460 844 1536 solidas
868 1461 898 1535 i*
911 1460 992 1535 coeli
1012 1465 1142 1537 vertice
1161 1486 1288 1563 partes.

456 1608 582 1702 Alter,
603 1611 648 1683 ad
666 1609 811 1683 extremi
835 1610 1020 1684 decurrens
1039 1611 1146 1686 fidera
1163 1613 1303 1706 caneri,

418 1793 420 1797 ⁷
453 1759 496 1834 In
522 1736 597 1855 quo
616 1758 833 1833 consummat
850 1762 1003 1836 Phoebus
1024 1760 1209 1859 lucemque
1230 1781 1459 1855 moramquea

455 1907 641 2004 Tardaque
662 1931 727 2004 per
748 1905 874 2006 longos
898 1911 1095 1983 circumfert
1117 1911 1245 1984 lumina
1265 1911 1402 1998 flexus,

255 2061 260 2077 ¹
356 2067 434 2148 550
457 2056 578 2131 AEllivi
600 2057 718 2129 medio
739 2029 871 2128 nomen
895 2053 955 2127 fibi
973 2053 1074 2127 sumit
1095 2057 1140 2129 ab
1160 2057 1241 2130 aestu
1254 2083 1267 2148 3

296 2236 308 2285 r
359 2259 373 2279 .
454 2202 642 2301 Temporis
667 2193 700 2277 dr
726 2201 832 2276 titulo*
842 2185 973 2302 potitur
986 2233 998 2296 3
1020 2225 1219 2301 metamque
1243 2203 1402 2281 volantis

452 2350 544 2426 Solis
566 2353 794 2423 &extremos
814 2351 965 2450 defignat
982 2352 1132 2429 fervidus
1155 2377 1258 2443 axes3

343 2595 346 2600 4
453 2499 502 2574 Et'
519 2500 673 2600 quinque
696 2498 732 2569 in
753 2516 866 2595 partes
889 2494 1057 2593 aquilonis
1083 2499 1181 2573 distat
1203 2499 1248 2571 ab
1272 2500 1378 2577 orbe·

453 2644 617 2735 Tertius,
639 2649 676 2720 in
698 2646 815 2719 media
835 2646 958 2717 mundi
981 2645 1125 2744 regione
1146 2644 1305 2745 locatus,
1408 2736 1413 2743 x

357 2767 402 2884 ς)
408 2801 433 2882 5
457 2793 593 2898 Ingenti
610 2794 701 2904 spiri
720 2814 833 2867 totum
853 2793 1030 2893 praecingit
1051 2790 1273 2893 Olympum3

455 2947 556 3020 Parte
568 2945 612 3020 ab
631 2967 776 3039 utraque
786 2943 908 3018 videns
923 2967 1022 3022 axem
1034 2968 1044 3017 :
1057 2970 1130 3041 quo
1142 2941 1292 3049 culmine
1303 2941 1458 3017 Phoebus

454 3091 650 3193 Componit
676 3090 815 3187 paribus
839 3094 993 3165 numeris'
1010 3094 1219 3189 nouemque
1231 3146 1244 3183 ‚
1265 3094 1457 3192 diemque,

457 3385 536 3449 parte
551 3365 640 3451 igni,
657 3364 706 3425 sub
726 3364 824 3425 eadem
847 3366 913 3427 coeli
929 3365 1101 3444 dispofitione
1121 3364 1311 3428 nascentibusa
1331 3368 1360 3427 Is
1379 3368 1451 3443 finit,

457 3485 489 3549 ni
507 3486 651 3558 fallimur,
671 3480 782 3543 Manilii
798 3480 889 3543 sensus
900 3505 910 3562 3
923 3477 1016 3551 utrum
1037 3479 1181 3545 rediffime
1205 3480 1367 3561 expressus,
1394 3503 1453 3545 non

458 3599 593 3659 audemus
612 3594 738 3657 asserere.

497 3712 539 3774 V.
561 3719 628 3787 556.
652 3708 754 3787 Scripti
772 3730 870 3772 omnes
892 3712 1015 3790 habent,
1038 3732 1093 3793 qno
1112 3714 1246 3787 lumine,
1269 3707 1316 3772 Sc.
1335 3714 1456 3794 limine,

346 3893 351 3904 ,
457 3827 548 3891 Huet.
566 3826 675 3893 limite,
691 3823 725 3887 B.
741 3828 880 3888 culmine.
894 3826 978 3891 Juxta
999 3825 1094 3885 Stoeb.
1111 3824 1140 3885 in
1159 3823 1278 3885 editione
1297 3815 1458 3889 Pruclmeri¹

439 3914 630 4024 '(Basrleensr
645 3935 749 3999 scilicet
765 3937 828 3998 anni
847 3942 945 4015 1551)
962 3936 1064 4023 legitur
1076 3938 1181 4000 limite.
1198 3935 1316 4000 Librum
1335 3941 1372 4001 ob
1384 3961 1456 4014 ocug

459 4054 504 4128 los
519 4055 609 4119 habeo
617 4098 630 4136 ,
645 4060 671 4117 δι
689 4053 755 4139 lego
763 4101 774 4136 ,
793 4056 913 4120 lumine.
