3417 5075
345 579 349 593 ¹
400 626 468 697 170
570 607 665 678 Les
703 594 1195 693 Asrnouourours

398 779 584 883 Fulgentes
605 781 701 855 videt
723 803 827 878 atque
848 783 942 859 audit
960 807 1025 882 per
1042 782 1151 856 fideta
1173 776 1316 878 pisces3

398 924 540 1027 Virgine
552 953 655 1011 ¹mens
677 930 819 1026 capitur.
841 930 900 1004 Sic
917 928 1098 1026 quondam
1114 946 1260 1002 vexerat
1279 943 1358 996 ante

211 1154 215 1159 ,
305 1082 378 1183 480
401 1077 577 1174 Europam
593 1064 700 1150 dorso
717 1077 926 1151 retinentem
941 1102 1071 1151 cornua
1084 1076 1172 1152 laevai
1184 1130 1198 1166 ,
1353 1057 1358 1074 ’

397 1223 612 1320 Indutusque
628 1225 650 1298 J
652 1225 711 1300 orti
725 1223 782 1298 est.
802 1211 1035 1298 Geminorum
1052 1225 1189 1303 ducitur
1206 1223 1300 1296 auris

300 1361 304 1371 ⁵
398 1371 462 1448 Ad
486 1379 651 1482 juvenem
674 1396 818 1448 aeternas
832 1373 1039 1454 fundentem
1058 1374 1214 1475 piscibus
1229 1369 1360 1459 undare

400 1520 515 1616 Inque
535 1519 629 1619 ipsos
650 1523 782 1594 animus
805 1523 937 1620 pisces,
957 1522 1119 1622 oculique
1137 1520 1301 1598 leonem.

404 1669 561 1761 Cancer,
583 1672 619 1742 8(
639 1647 784 1783 atsuetso
805 1674 1026 1771 capricornus
1049 1673 1211 1748 conditus
1229 1650 1324 1743 astro

304 1810 353 1907 '48
355 1829 377 1901 5
401 1816 444 1889 In
461 1815 571 1900 semet
589 1836 727 1892 vertunt
748 1816 896 1909 oculos,
922 1821 958 1895 in
976 1842 1094 1893 mutua
1112 1819 1264 1892 tendunt

403 1965 581 2058 Auribus3
603 1967 637 2038 8<
659 1967 772 2038 cancri
790 1987 948 2063 captatur
965 1969 1122 2062 aquarius
1140 1967 1245 2068 astro.

404 2115 466 2227 At
484 2112 543 2188 leo
570 2139 650 2186 curn
669 2080 939 2231 geminisaciem
957 2112 1159 2211 conjungit,
1176 2113 1215 2182 8<
1233 2135 1356 2184 aurern

407 2261 583 2333 Centauro
607 2265 775 2360 gemino,
796 2262 990 2359 capricorni
1006 2257 1117 2355 diligit
1135 2258 1281 2332 astrum.

405 2396 558 2504 Erigone
575 2427 709 2479 taurum
734 2408 884 2510 spesiat,
907 2408 969 2480 sed
988 2407 1155 2502 scorpion
1177 2407 1303 2498 audit,

221 2587 223 2591 ·
310 2581 385 2660 490
412 2556 533 2653 Atque
548 2554 733 2656 sagittifero
757 2577 902 2630 conatur
919 2556 1054 2629 nesiere
1070 2552 1248 2629 fraudem.

411 2720 517 2794 Libra
533 2717 612 2791 suos
637 2717 787 2816 sequitur
811 2718 948 2808 sensus,
969 2719 1153 2817 solumque
1174 2719 1337 2807 videndo

412 2868 635 2970 Lanigerum,
647 2890 750 2966 atque
757 2869 874 2942 animo
886 2865 1071 2967 complexa
1082 2868 1127 2939 est
1140 2864 1384 2965 scorpioninsti

335 3048 337 3053 s
414 3016 479 3089 Itle
493 3018 589 3091 videt
604 3018 738 3114 pisces,
760 3020 906 3115 oditque
923 3043 990 3115 per.
1006 3016 1124 3090 omnia
1142 3014 1282 3090 libram.

415 3168 571 3239 Necnon
590 3167 780 3240 arcitenens
806 3192 933 3267 magno
956 3165 1193 3265 parere'leoni

319 3303 393 3403 495
419 3314 594 3424 Auribus,
611 3334 715 3409 atque
734 3311 842 3385 oculis
859 3312 967 3384 srnutn
988 3313 1163 3385 fundentis
1187 3314 1301 3409 aquari

420 3461 638 3561 Conspicere
654 3458 815 3548 assuevit,
838 3457 1015 3557 solamque
1032 3485 1075 3531 ex
1097 3464 1260 3535 omnibus
1278 3460 1370 3532 astris

307 3623 310 3628 '
419 3607 541 3707 Diligit
565 3610 750 3707 Erigonen.
772 3609 902 3681 Contrai
925 3610 1142 3707 capricornus
1163 3612 1199 3682 in
1217 3611 1332 3710 ipsum

453 3936 504 4018 Ιν.
518 3930 593 4010 ¹486.
616 3932 746 4011 Omnes,
769 3936 868 4016 astro,
886 3933 918 3993 B.
940 3936 1016 4030 astu,
