3417 5075
468 620 559 671 mz-
644 600 1278 694 ἰἱκεΑετκοΝοΜῐρσες·

462 777 508 850 Et
532 799 675 850 tenuem·
690 773 802 877 longis
819 774 1009 875 jaculantur
1027 781 1176 854 crinibus
1198 783 1345 884 ignem,

369 917 442 1012 825
464 926 726 1021 Excurruntque
744 925 870 1023 procul
897 927 1058 1002 volucres
1075 932 1213 1005 'imitata
1233 931 1396 1034 sagittas3

380 1157 382 1161 ¹
462 1071 573 1150 Arida
594 1072 675 1146 clun
694 1072 812 1174 gracili
834 1097 993 1150 tenuatur
1014 1075 1134 1152 semita
1158 1078 1235 1153 filo.

462 1233 550 1308 Sunt
573 1243 689 1296 autem
710 1224 836 1297 cunslis
856 1227 1018 1324 permixti
1039 1229 1193 1331 partibus
1215 1229 1314 1329 ignes
1326 1257 1343 1324 3

463 1381 537 1488 Qui
559 1379 715 1481 gravidas
736 1379 891 1453 habitant
910 1378 1114 1454 fabricantes
1135 1378 1279 1452 fulmina
1299 1372 1434 1470 nubes,

463 1527 520 1611 Et!
532 1551 714 1628 penetrant
737 1551 842 1602 terras
864 1529 1081 1626 AEtnamque
1096 1530 1267 1604 minantur
1282 1529 1456 1633 Olympo,

368 1650 445 1748 '830
469 1679 515 1752 Et
536 1676 662 1750 calidas
683 1678 834 1799 reddunt
849 1679 927 1777 ipss
942 1681 982 1758 ,in
1008 1680 1160 1753 sontibus
1182 1681 1322 1770 undas,

464 1828 525 1905 Ac
543 1822 642 1898 filice
655 1828 691 1898 in
716 1826 801 1899 dura
818 1829 989 1922 viridique
1010 1831 1046 1900 in
1068 1830 1199 1902 cortice
1220 1828 1348 1923 sedem

468 1974 679 2068 Inveniam,
703 1975 783 2048 curn
804 1975 885 2052 silva
899 1975 961 2048 [ibi
981 1974 1099 2047 collisa
1122 1997 1307 2049 crematur.

472 2125 614 2227 Ignibus
633 2124 741 2224 usque
766 2126 858 2200 adel)
878 2124 996 2200 na'tura
1015 2128 1062 2198 est
1088 2127 1201 2198 omnis
1221 2126 1435 2212 abundans!

472 2276 532 2347 Ne
550 2276 676 2346 mirere
695 2273 787 2345 faces
806 2274 933 2348 subitas
958 2300 1142 2374 erumpere
1165 2273 1282 2365 coelo,

374 2383 448 2486 835
472 2422 635 2519 Ae'raque
653 2412 836 2495 accensum
858 2423 1004 2495 flammis
1027 2421 1144 2496 lucere
1163 2423 1339 2515 coruscis,

469 2575 582 2653 Arida
604 2573 830 2673 complexum
857 2573 1009 2681 spirantis
1033 2570 1161 2649 semina
1182 2595 1307 2663 terrae,

470 2731 565 2827 Quae
589 2727 734 2803 volucer
754 2725 897 2825 pascens
917 2727 1004 2828 ignis
1021 2725 1267 2824 sequiturque,
1289 2725 1468 2827 fugitque}

468 2876 622 2979 Fulgura
640 2879 720 2951 cum
740 2878 860 2955 videas
883 2872 1069 2949 tremulum
1088 2874 1255 2949 vibrantia
1278 2871 1402 2951 lumen

470 3024 682 3103 Imbribus&
706 3027 852 3110 mediis,
878 3028 914 3097 8(
931 3024 1060 3098 coelum
1081 3022 1226 3097 fulmine
1247 3046 1407 3125 ruptum.

324 3231 327 3235 -
377 3169 452 3269 840
474 3177 556 3252 Sive
577 3176 677 3273 igitur
699 3172 776 3248 rari)
800 3172 995 3270 praebentes
1018 3172 1146 3254 semina
1165 3194 1265 3250 terrae

472 3328 517 3409 In
534 3325 695 3404 volucres
714 3327 810 3426 ignes
830 3320 970 3421 possunt
990 3346 1155 3421 generare
1173 3345 1330 3398 cometas
1340 3354 1356 3422 ς
1406 3397 1409 3402 .

476 3481 558 3558 Sive
577 3476 651 3552 illas
670 3498 788 3552 natura
806 3474 898 3553 faces
920 3494 960 3551 ut
982 3472 1100 3549 cunlia
1118 3471 1247 3549 creavit

522 3855 562 3922 V·
582 3859 651 3931 824.
669 3856 711 3917 lta
729 3850 829 3919 vetusll
850 3872 968 3933 omnes3
988 3851 1021 3914 Β.
1033 3870 1084 3933 pro
1100 3853 1231 3915 crinibus
1241 3850 1287 3919 dat
1309 3855 1473 3933 trudibus,

481 3973 557 4059 quod
577 3972 701 4037 mallem.
