3417 5075
434 655 497 733 198
613 644 713 747 'Lns
746 647 1244 736 Arraouonrquns

328 843 403 925 705
427 825 660 921 Dimidiasque
678 822 739 895 srbi
756 845 891 919 partes,
913 826 947 896 dr
969 822 1101 899 summa
1123 824 1296 923 repletur

429 971 584 1048 Partibus
607 960 729 1057 exattiq
752 972 887 1072 triginta
907 971 1017 1044 fidere
1036 972 1073 1044 in
1087 971 1203 1066 omni}

472 1122 553 1196 Nec
572 1146 682 1222 genus
702 1123 749 1195 est
772 1148 902 1206 unum,
920 1124 1006 1195 ratio
1022 1146 1088 1194 nec
1108 1121 1253 1219 prodita
1270 1115 1414 1220 simplex
1421 1144 1430 1203 ς

422 1269 579 1344 Pluribus
599 1273 706 1367 inque
730 1272 846 1344 modis
867 1297 990 1348 verum
1014 1295 1131 1346 natura
1154 1271 1297 1348 locavit
1308 1297 1329 1360 ,·

420 1388 638 1517 Diduxitque
661 1421 753 1507 vias,
773 1419 955 1518 voluitque
968 1440 1040 1519 'per
1059 1385 1176 1494 omnia
1196 1421 1329 1518 quaeri.

323 1594 398 1672 710
421 1568 515 1643 Haec
530 1594 673 1667 quoque
686 1593 867 1670 comperta
885 1573 932 1644 est
950 1573 1035 1645 ratio
1050 1569 1111 1645 sub
1124 1573 1277 1644 nomine
1292 1567 1421 1644 eodem.
1458 1592 1459 1647 l

309 1811 312 1827 1
421 1720 654 1816 Quacumque
672 1721 709 1794 in
731 1743 827 1818 parte
844 1721 1045 1814 nascentum
1063 1742 1227 1821 tempore
1249 1717 1337 1812 luna
1383 1695 1388 1706 ’

305 1910 319 1937 ι
421 1866 643 1960 Constiterit‚
664 1871 814 1939 numeris
835 1870 925 1939 hanc
946 1891 998 1941 ter
1022 1862 1170 1967 dispone
1194 1867 1389 1966 quaternis,
1440 1936 1459 1981 Ι,

419 2011 568 2088 Sublimi
589 2014 739 2088 totidem
756 2013 834 2110 quia
856 2011 991 2113 fulgent
1008 2013 1115 2085 fidera
1139 2015 1299 2088 mund0.

424 2158 514 2237 Inde
538 2160 612 2234 suas
632 2159 682 2234 illi
702 2162 820 2262 signo,
845 2186 917 2258 quo
937 2159 1018 2234 luna
1037 2159 1180 2233 refulsit.
1209 2221 1230 2227 ..

322 2318 401 2396 715
428 2312 590 2409 Quaeque
604 2314 685 2385 hinc
698 2312 897 2396 defuerant,
912 2332 1027 2409 partes
1041 2332 1226 2383 numerare
1238 2330 1416 2385 memento·

419 2456 581 2532 Proxima
602 2459 746 2529 tricenas
769 2459 966 2555 pariterque
988 2457 1165 2554 sequentia
1184 2458 1338 2568 ducunt3

421 2604 488 2683 Hic
510 2609 567 2678 ubi
591 2605 720 2704 deficiet
733 2625 920 2696 numerus,
943 2631 1022 2680 tunc
1032 2607 1171 2704 stamma
1196 2613 1317 2683 residu

388 2843 391 2850 Ι
422 2756 464 2830 ln
485 2754 723 2853 binusfirrtes‚
746 2755 880 2855 adjedd
897 2779 994 2850 parte
1012 2760 1139 2828 locetur
1188 2803 1191 2807 ·
1228 2771 1231 2777 '

360 2982 362 2987 ,
423 2905 613 2997 Dimittit,
637 2906 776 3001 reliquis
796 2906 965 2975 tribuatur
985 2928 1024 2977 ut
1046 2906 1158 2977 ordine
1169 2899 1300 3003 fignis.

320 3072 397 3146 720
421 3050 463 3127 In
485 3077 558 3151 quo
581 3053 783 3141 destituent,
805 3056 880 3147 ejus
896 3074 971 3125 tum
994 3048 1074 3125 luna
1092 3050 1230 3126 tenebit
1269 3133 1271 3138 ,

350 3189 357 3202 ’
418 3201 756 3279 Dodecatemorium
777 3201 884 3302 sigui:
906 3202 983 3299 poll
1005 3223 1133 3276 caetera
1153 3197 1263 3277 ducet

458 3481 499 3543 V.
520 3504 589 3554 71¹·
605 3481 639 3543 Β.
655 3481 701 3543 sc
723 3484 750 3540 &
767 3476 815 3540 alii
834 3476 952 3561 legunt,
972 3498 1150 3559 quacumque
1170 3480 1199 3541 in
1218 3485 1317 3564 parti.
1335 3480 1421 3544 Olim

417 3593 658 3655 indiscriminatim
673 3596 815 3656 dicebatur
831 3599 920 3678 parri
944 3601 971 3655 &
991 3617 1088 3677 parte.
1106 3594 1181 3678 Legi
1191 3597 1290 3658 ¹etiam
1315 3597 1423 3675 potest,

418 3728 595 3793 quacumque
608 3709 636 3769 in
648 3730 759 3791 parte,
776 3709 874 3772 ultimi
889 3710 967 3774 vocis
978 3733 1068 3792 parte
1086 3709 1115 3771 vi
1136 3712 1246 3772 caesurae
1260 3711 1405 3791 produfli.

457 3823 496 3888 V.
515 3846 594 3898 717,
615 3829 693 3901 718,
710 3846 778 3895 719.
800 3826 864 3885 Hos
881 3845 934 3886 tres
950 3826 1043 3886 versus
1059 3824 1204 3903 proscribit
1220 3827 1254 3888 B.
1277 3828 1333 3906 lpsr
1361 3848 1423 3903 rna·

418 3941 495 4001 nimi
507 3940 631 4021 displicet
648 3959 704 4001 vox
720 3944 851 4017 locetur,
869 3962 955 4020 quam
965 3940 1038 4002 forre
1053 3938 1119 4003 licet
1130 3960 1240 4005 mutare
1256 3942 1285 4005 in
1293 3946 1424 4026 fecetur.

339 4049 342 4054 ’
417 4052 551 4120 Cererim
567 4055 660 4121 versus
675 4057 737 4120 illos
752 4079 809 4120 non
824 4054 1010 4121 defendimus.
1051 4065 1057 4072 ’
