3417 5075
438 694 482 760 ¹4
619 668 709 741 trs
746 664 1241 762 ‘Asrnonourourrs

428 849 477 922 Et
495 847 593 932 fore,
610 843 781 942 principio
800 845 927 942 pariter
940 846 1095 946 latoque
1122 872 1326 923 carentem:
1370 951 1378 960 ,

428 999 499 1072 Seu
514 994 680 1091 permixta
701 995 808 1066 chaos
830 1006 945 1067 rerum
965 997 1154 1105 primordia
1178 998 1361 1097 quondam

430 1111 602 1215 Discrevit
629 1165 751 1240 partu,
773 1108 1016 1242 mundumque
1041 1148 1329 1222 enixanitentem

331 1307 407 1384 1125
431 1287 532 1389 Fugit
550 1290 586 1362 in
606 1290 753 1364 infernas
777 1289 890 1392 caligo
908 1290 1003 1388 pulsa
1021 1294 1206 1367 tenebras:

426 1439 512 1528 ,Sive
531 1440 618 1540 ignis
638 1439 816 1515 fabricavit
839 1465 952 1538 opus,
978 1443 1204 1538 flammaeque
1224 1443 1415 1530 micantes,-

429 1590 522 1682 Quae
542 1589 663 1660 mundi
686 1588 802 1662 fecere
821 1586 968 1674 oculos,
991 1589 1219 1686 habitantque
1237 1615 1298 1685 per
1319 1609 1430 1660 omne

429 1734 588 1832 Corpus,
607 1737 641 1806 ἃ
663 1736 699 1806 in
720 1735 814 1807 coelo
838 1737 1005 1811 vibrantia
1024 1737 1165 1811 fulmina
1183 1737 1342 1837 finguntt

428 1881 500 1957 Seu
517 1864 633 1978 liquor
650 1884 722 1955 hoc
742 1886 900 1980 peperit,
923 1885 992 1956 fine
1010 1912 1083 1982 quo
1105 1889 1192 1986 riget
1207 1887 1300 1959 arida
1312 1909 1431 1957 rerum

279 2029 283 2039 ’
307 2120 312 2125 ,
332 2048 405 2129 '130
432 2030 617 2122 Materies,
635 2029 818 2128 ipsumque
839 2049 953 2120 creat,
973 2056 1045 2130 quo
1068 2030 1228 2121 solvitur,
1250 2034 1395 2132 ignem:

429 2179 506 2258 Aut
516 2205 633 2275 neque
646 2203 735 2254 terra
747 2203 882 2278 patrem
893 2181 1088 2268 novi't,nec
1098 2180 1257 2267 flamma,
1270 2205 1338 2252 nec
1352 2180 1432 2273 ae'r,

424 2329 507 2401 ‘Aut
527 2328 674 2417 humor,
695 2328 892 2425 faciturtque
916 2330 1023 2401 deum
1043 2355 1106 2426 per
1126 2350 1289 2424 quattuor
1316 2351 1432 2428 artus,¹

429 2473 478 2550 Et
489 2477 618 2549 >mundi
641 2477 789 2553 liruxire
805 2475 951 2579 globum
965 2530 977 2567 ,
991 2476 1252 2576 prohibentque
1266 2479 1393 2583 requiri

367 2625 369 2629 ’
430 2620 535 2710 Ultra
559 2623 594 2699 se
609 2627 794 2723 quicquam
806 2656 818 2719 3
839 2652 922 2701 cum
938 2652 1002 2727 per
1018 2625 1054 2700 se
1076 2628 1194 2701 euntia
1219 2645 1405 2713 creentur,

334 2786 407 2864 135
434 2773 572 2875 Frigida
588 2799 655 2848 nec
672 2773 789 2846 calidis
809 2774 938 2862 defint‚
958 2797 1017 2850 aut
1034 2775 1178 2849 humida
1196 2775 1310 2864 ficcis,

310 3013 313 3018 Δ
471 2984 533 3043 Poll
549 3006 576 3044 v.
601 3004 655 3057 125
673 3030 683 3060 ,
703 2986 733 3044 in
754 2986 882 3045 omnibus
896 2988 1004 3065 scriptis
1020 2994 1046 3049 δι
1062 2986 1141 3050 editis
1157 2987 1287 3071 leguntur
1306 2985 1336 3049 hi
1353 3006 1430 3069 quoq

431 3116 496 3162 tuot
516 3098 619 3159 verius.

495 3214 555 3265 Sive
569 3210 725 3271 individuis,
737 3210 764 3260 in
779 3208 846 3261 idem
868 3208 976 3261 reditura
991 3209 1090 3271 soluta,-

495 3312 628 3379 Principiis
643 3326 729 3361 natura
747 3326 848 3369 manet,
867 3310 919 3376 post
936 3312 1013 3360 secula
1034 3310 1123 3370 mille;

497 3414 530 3463 Et
544 3414 604 3479 pene
617 3428 648 3463 ex
664 3409 744 3460 nihilo
760 3412 882 3477 sumptum
897 3410 947 3470 est,
964 3408 1118 3476 nihilumque
1136 3408 1263 3473 fututum,-

500 3513 619 3577 Caecaque
633 3510 748 3560 materies
767 3510 857 3561 coelum
879 3508 980 3575 perfecit
997 3514 1022 3559 δι
1037 3510 1134 3561 orbem·

474 3610 523 3670 Ne
541 3609 635 3673 versus
652 3609 714 3668 illos
726 3608 839 3669 Manilii
857 3605 911 3668 elle
929 3607 1094 3685 credamus,
1107 3607 1237 3687 student,
1260 3613 1304 3675 ιο.
1314 3609 1431 3680 illorum

435 3727 595 3801 barbaries,
617 3724 664 3785 2⁰.
679 3721 734 3783 hoc
749 3720 871 3784 Bentleii
886 3720 1079 3785 ratiocinium:
1099 3721 1213 3802 Epicuri
1230 3713 1331 3808 dogma
1341 3726 1429 3791 Poeta

432 3844 526 3920 infra,
542 3863 562 3904 v
590 3861 666 3917 472,
684 3846 710 3900 8<
732 3839 811 3917 sequ.
823 3839 976 3921 elegantiis
993 3838 1126 3915 exponit,
1142 3845 1168 3897 &
1189 3838 1272 3915 operi
1295 3838 1357 3899 dati
1380 3864 1427 3902 re·

433 3956 528 4031 futat3
548 3953 638 4033 ipsum
658 3973 726 4037 ergo
742 3973 798 4011 non
825 3953 913 4031 potuit
936 3952 1082 4013 accensere
1105 3950 1137 4013 iis
1157 3971 1217 4033 quae
1243 3954 1425 4035 probabiliter
1470 4016 1473 4023 ,

434 4068 549 4134 defendi
561 4066 636 4149 polle
655 4069 809 4135 arbitratur.
831 4065 907 4133 Vide
925 4066 958 4129 Β.
976 4080 1083 4129 uotam.
