<?xml version="1.0" encoding="UTF-8"?>
<!DOCTYPE html PUBLIC "-//W3C//DTD XHTML 1.0 Transitional//EN"
    "http://www.w3.org/TR/xhtml1/DTD/xhtml1-transitional.dtd">
<html xmlns="http://www.w3.org/1999/xhtml" xml:lang="en" lang="en">
 <head>
  <title>
</title>
<meta http-equiv="Content-Type" content="text/html;charset=utf-8" />
  <meta name='ocr-system' content='tesseract 3.04.00' />
  <meta name='ocr-capabilities' content='ocr_page ocr_carea ocr_par ocr_line ocrx_word'/>
</head>
<body>
  <div class='ocr_page' id='page_1' title='image "./marcimaniliiast00cicegoog_0171.png"; bbox 0 0 3417 5075; ppageno 0'>
   <div class='ocr_carea' id='block_1_1' title="bbox 331 607 1209 717">
    <p class='ocr_par' dir='ltr' id='par_1_1' title="bbox 331 607 1209 717">
     <span class='ocr_line' id='line_1_1' title="bbox 331 607 1209 717; baseline 0.002 -16"><span class='ocrx_word' id='word_1_1' title='bbox 331 607 436 703; x_wconf 49' lang='lat' dir='ltr'>&#39;nt</span> <span class='ocrx_word' id='word_1_2' title='bbox 563 629 652 702; x_wconf 71' lang='lat' dir='ltr'>trs</span> <span class='ocrx_word' id='word_1_3' title='bbox 687 629 1209 717; x_wconf 68' lang='lat' dir='ltr'>nsrnoucnrqum.</span> 
     </span>
    </p>
   </div>
   <div class='ocr_carea' id='block_1_2' title="bbox 294 770 1357 924">
    <p class='ocr_par' dir='ltr' id='par_1_2' title="bbox 294 770 1357 924">
     <span class='ocr_line' id='line_1_2' title="bbox 294 770 1357 924; baseline -0.012 -36"><span class='ocrx_word' id='word_1_4' title='bbox 294 843 344 924; x_wconf 78' lang='lat'>40</span> <span class='ocrx_word' id='word_1_5' title='bbox 368 811 451 887; x_wconf 91' lang='lat' dir='ltr'>Nec</span> <span class='ocrx_word' id='word_1_6' title='bbox 471 808 555 885; x_wconf 82' lang='lat' dir='ltr'>[ilvis</span> <span class='ocrx_word' id='word_1_7' title='bbox 571 806 716 882; x_wconf 85' lang='lat' dir='ltr'>filvestre</span> <span class='ocrx_word' id='word_1_8' title='bbox 733 807 842 894; x_wconf 89' lang='lat' dir='ltr'>canit,</span> <span class='ocrx_word' id='word_1_9' title='bbox 861 831 994 905; x_wconf 87' lang='lat' dir='ltr'>perque</span> <span class='ocrx_word' id='word_1_10' title='bbox 1014 808 1154 881; x_wconf 86' lang='lat' dir='ltr'>horrida</span> <span class='ocrx_word' id='word_1_11' title='bbox 1177 822 1299 878; x_wconf 82' lang='lat' dir='ltr'>motus</span> <span class='ocrx_word' id='word_1_12' title='bbox 1354 770 1357 781; x_wconf 37' lang='grc' dir='ltr'>Ι</span> 
     </span>
    </p>
   </div>
   <div class='ocr_carea' id='block_1_3' title="bbox 206 932 1376 2829">
    <p class='ocr_par' dir='ltr' id='par_1_3' title="bbox 206 932 1376 2829">
     <span class='ocr_line' id='line_1_3' title="bbox 367 932 1281 1058; baseline -0.007 -23"><span class='ocrx_word' id='word_1_13' title='bbox 367 950 462 1035; x_wconf 88' lang='lat' dir='ltr'>Rura</span> <span class='ocrx_word' id='word_1_14' title='bbox 480 958 558 1031; x_wconf 88' lang='lat' dir='ltr'>serit</span> <span class='ocrx_word' id='word_1_15' title='bbox 579 956 700 1030; x_wconf 90' lang='lat' dir='ltr'>dulces</span> <span class='ocrx_word' id='word_1_16' title='bbox 710 955 943 1053; x_wconf 89' lang='lat' dir='ltr'>‚musamque</span> <span class='ocrx_word' id='word_1_17' title='bbox 961 932 1093 1058; x_wconf 79' lang='lat' dir='ltr'>inducit</span> <span class='ocrx_word' id='word_1_18' title='bbox 1113 957 1150 1028; x_wconf 92' lang='lat' dir='ltr'>in</span> <span class='ocrx_word' id='word_1_19' title='bbox 1169 976 1281 1030; x_wconf 82' lang='lat' dir='ltr'>antra.</span> 
     </span>
     <span class='ocr_line' id='line_1_4' title="bbox 206 1091 1235 1208; baseline -0.01 -22"><span class='ocrx_word' id='word_1_20' title='bbox 206 1091 219 1208; x_wconf 61' lang='lat' dir='ltr'>i</span> <span class='ocrx_word' id='word_1_21' title='bbox 367 1112 461 1185; x_wconf 85' lang='lat' dir='ltr'>Ecce</span> <span class='ocrx_word' id='word_1_22' title='bbox 481 1106 563 1180; x_wconf 88' lang='lat' dir='ltr'>alius</span> <span class='ocrx_word' id='word_1_23' title='bbox 586 1109 689 1206; x_wconf 73' lang='lat' dir='ltr'>pidas</span> <span class='ocrx_word' id='word_1_24' title='bbox 713 1105 873 1182; x_wconf 87' lang='lat' dir='ltr'>volucres</span> <span class='ocrx_word' id='word_1_25' title='bbox 892 1129 933 1178; x_wconf 93' lang='lat' dir='ltr'>ac</span> <span class='ocrx_word' id='word_1_26' title='bbox 950 1103 1044 1179; x_wconf 86' lang='lat' dir='ltr'>bella</span> <span class='ocrx_word' id='word_1_27' title='bbox 1063 1104 1235 1187; x_wconf 87' lang='lat' dir='ltr'>ferarum,</span> 
     </span>
     <span class='ocr_line' id='line_1_5' title="bbox 367 1239 1306 1356; baseline -0.009 -25"><span class='ocrx_word' id='word_1_28' title='bbox 367 1255 433 1331; x_wconf 86' lang='lat' dir='ltr'>Ille</span> <span class='ocrx_word' id='word_1_29' title='bbox 453 1278 644 1335; x_wconf 87' lang='lat' dir='ltr'>venenatos</span> <span class='ocrx_word' id='word_1_30' title='bbox 671 1280 822 1356; x_wconf 84' lang='lat' dir='ltr'><strong>angues,</strong></span> <span class='ocrx_word' id='word_1_31' title='bbox 839 1256 898 1327; x_wconf 93' lang='lat' dir='ltr'>hic</span> <span class='ocrx_word' id='word_1_32' title='bbox 921 1255 1074 1355; x_wconf 87' lang='lat' dir='ltr'>gramina</span> <span class='ocrx_word' id='word_1_33' title='bbox 1099 1239 1306 1327; x_wconf 74' lang='lat' dir='ltr'>&amp;herbas</span> 
     </span>
     <span class='ocr_line' id='line_1_6' title="bbox 368 1401 1170 1500; baseline -0.005 -22"><span class='ocrx_word' id='word_1_34' title='bbox 368 1405 455 1478; x_wconf 91' lang='lat' dir='ltr'>Fata</span> <span class='ocrx_word' id='word_1_35' title='bbox 472 1404 578 1479; x_wconf 85' lang='lat' dir='ltr'>refert</span> <span class='ocrx_word' id='word_1_36' title='bbox 593 1405 769 1500; x_wconf 89' lang='lat' dir='ltr'>vitamque</span> <span class='ocrx_word' id='word_1_37' title='bbox 789 1402 847 1476; x_wconf 74' lang='lat' dir='ltr'>sud</span> <span class='ocrx_word' id='word_1_38' title='bbox 868 1403 986 1475; x_wconf 86' lang='lat' dir='ltr'>radice</span> <span class='ocrx_word' id='word_1_39' title='bbox 1007 1401 1170 1475; x_wconf 88' lang='lat' dir='ltr'>ferentes.</span> 
     </span>
     <span class='ocr_line' id='line_1_7' title="bbox 294 1551 1268 1657; baseline -0.008 -29"><span class='ocrx_word' id='word_1_40' title='bbox 294 1565 344 1651; x_wconf 78' lang='lat'>45</span> <span class='ocrx_word' id='word_1_41' title='bbox 369 1556 590 1657; x_wconf 79' lang='lat' dir='ltr'>Quinetiam</span> <span class='ocrx_word' id='word_1_42' title='bbox 613 1554 765 1627; x_wconf 91' lang='lat' dir='ltr'>tenebris</span> <span class='ocrx_word' id='word_1_43' title='bbox 782 1552 982 1626; x_wconf 86' lang='lat' dir='ltr'>immersum</span> <span class='ocrx_word' id='word_1_44' title='bbox 1004 1551 1176 1626; x_wconf 84' lang='lat' dir='ltr'>Tartaron</span> <span class='ocrx_word' id='word_1_45' title='bbox 1192 1563 1268 1621; x_wconf 84' lang='lat' dir='ltr'>atra</span> 
     </span>
     <span class='ocr_line' id='line_1_8' title="bbox 370 1682 1326 1799; baseline -0.01 -20"><span class='ocrx_word' id='word_1_46' title='bbox 370 1682 413 1779; x_wconf 76' lang='lat' dir='ltr'>ln</span> <span class='ocrx_word' id='word_1_47' title='bbox 433 1702 550 1777; x_wconf 92' lang='lat' dir='ltr'>lucem</span> <span class='ocrx_word' id='word_1_48' title='bbox 566 1703 613 1777; x_wconf 92' lang='lat' dir='ltr'>de</span> <span class='ocrx_word' id='word_1_49' title='bbox 631 1705 732 1777; x_wconf 74' lang='lat' dir='ltr'>node</span> <span class='ocrx_word' id='word_1_50' title='bbox 751 1682 900 1796; x_wconf 61' lang='lat' dir='ltr'>vocant}</span> <span class='ocrx_word' id='word_1_51' title='bbox 921 1702 1117 1799; x_wconf 87' lang='lat' dir='ltr'>orbemque</span> <span class='ocrx_word' id='word_1_52' title='bbox 1135 1697 1326 1776; x_wconf 87' lang='lat' dir='ltr'>revolvunt</span> 
     </span>
     <span class='ocr_line' id='line_1_9' title="bbox 292 1851 1179 1949; baseline -0.005 -23"><span class='ocrx_word' id='word_1_53' title='bbox 292 1922 295 1926; x_wconf 22' lang='lat' dir='ltr'>r</span> <span class='ocrx_word' id='word_1_54' title='bbox 370 1851 517 1925; x_wconf 81' lang='lat' dir='ltr'>Interibs</span> <span class='ocrx_word' id='word_1_55' title='bbox 536 1851 695 1937; x_wconf 87' lang='lat' dir='ltr'>versum,</span> <span class='ocrx_word' id='word_1_56' title='bbox 716 1873 847 1926; x_wconf 84' lang='lat' dir='ltr'>naturae</span> <span class='ocrx_word' id='word_1_57' title='bbox 869 1851 1004 1923; x_wconf 87' lang='lat' dir='ltr'>foedere</span> <span class='ocrx_word' id='word_1_58' title='bbox 1024 1870 1142 1949; x_wconf 88' lang='lat' dir='ltr'>rupto.</span> <span class='ocrx_word' id='word_1_59' title='bbox 1177 1934 1179 1947; x_wconf 31' lang='grc'>1</span> 
     </span>
     <span class='ocr_line' id='line_1_10' title="bbox 331 1993 1262 2102; baseline -0.01 -24"><span class='ocrx_word' id='word_1_60' title='bbox 331 2038 338 2062; x_wconf 74' lang='lat'>=</span> <span class='ocrx_word' id='word_1_61' title='bbox 371 2001 492 2077; x_wconf 89' lang='lat' dir='ltr'>Omne</span> <span class='ocrx_word' id='word_1_62' title='bbox 512 2025 619 2102; x_wconf 84' lang='lat' dir='ltr'>genus</span> <span class='ocrx_word' id='word_1_63' title='bbox 636 2025 750 2075; x_wconf 90' lang='lat' dir='ltr'>rerum</span> <span class='ocrx_word' id='word_1_64' title='bbox 773 1994 885 2074; x_wconf 76' lang='lat' dir='ltr'>dodae</span> <span class='ocrx_word' id='word_1_65' title='bbox 909 1999 1069 2072; x_wconf 89' lang='lat' dir='ltr'>cecinere</span> <span class='ocrx_word' id='word_1_66' title='bbox 1094 1993 1262 2069; x_wconf 84' lang='lat' dir='ltr'>sorores:</span> 
     </span>
     <span class='ocr_line' id='line_1_11' title="bbox 374 2124 1258 2251; baseline -0.01 -26"><span class='ocrx_word' id='word_1_67' title='bbox 374 2150 507 2225; x_wconf 85' lang='lat' dir='ltr'>Omnis·</span> <span class='ocrx_word' id='word_1_68' title='bbox 519 2148 564 2221; x_wconf 90' lang='lat' dir='ltr'>ad</span> <span class='ocrx_word' id='word_1_69' title='bbox 583 2146 737 2229; x_wconf 80' lang='lat' dir='ltr'>accessus</span> <span class='ocrx_word' id='word_1_70' title='bbox 753 2124 936 2251; x_wconf 79' lang='lat' dir='ltr'>Heliconis</span> <span class='ocrx_word' id='word_1_71' title='bbox 960 2145 1079 2219; x_wconf 88' lang='lat' dir='ltr'>semita</span> <span class='ocrx_word' id='word_1_72' title='bbox 1099 2144 1177 2215; x_wconf 91' lang='lat' dir='ltr'>uita</span> <span class='ocrx_word' id='word_1_73' title='bbox 1191 2140 1258 2216; x_wconf 79' lang='lat' dir='ltr'>est.</span> 
     </span>
     <span class='ocr_line' id='line_1_12' title="bbox 239 2292 1317 2394; baseline -0.009 -25"><span class='ocrx_word' id='word_1_74' title='bbox 239 2356 242 2377; x_wconf 87' lang='lat'>.</span> <span class='ocrx_word' id='word_1_75' title='bbox 302 2311 353 2387; x_wconf 88' lang='lat'>50</span> <span class='ocrx_word' id='word_1_76' title='bbox 377 2297 423 2368; x_wconf 90' lang='lat' dir='ltr'>Et</span> <span class='ocrx_word' id='word_1_77' title='bbox 443 2302 513 2394; x_wconf 88' lang='lat' dir='ltr'>jam</span> <span class='ocrx_word' id='word_1_78' title='bbox 539 2295 670 2368; x_wconf 87' lang='lat' dir='ltr'>confufi</span> <span class='ocrx_word' id='word_1_79' title='bbox 692 2318 833 2372; x_wconf 89' lang='lat' dir='ltr'>manant</span> <span class='ocrx_word' id='word_1_80' title='bbox 856 2296 903 2368; x_wconf 92' lang='lat' dir='ltr'>de</span> <span class='ocrx_word' id='word_1_81' title='bbox 927 2292 1081 2366; x_wconf 86' lang='lat' dir='ltr'>fontibus</span> <span class='ocrx_word' id='word_1_82' title='bbox 1107 2312 1251 2376; x_wconf 84' lang='lat' dir='ltr'>amnes,</span> <span class='ocrx_word' id='word_1_83' title='bbox 1313 2346 1317 2352; x_wconf 94' lang='lat'><em>.</em></span> 
     </span>
     <span class='ocr_line' id='line_1_13' title="bbox 371 2424 1373 2542; baseline -0.003 -26"><span class='ocrx_word' id='word_1_84' title='bbox 371 2444 453 2516; x_wconf 89' lang='lat' dir='ltr'>Nec</span> <span class='ocrx_word' id='word_1_85' title='bbox 467 2438 606 2542; x_wconf 90' lang='lat' dir='ltr'>capiunt</span> <span class='ocrx_word' id='word_1_86' title='bbox 627 2441 783 2515; x_wconf 82' lang='lat' dir='ltr'>haustum</span> <span class='ocrx_word' id='word_1_87' title='bbox 794 2490 806 2529; x_wconf 89' lang='lat'><strong>,</strong></span> <span class='ocrx_word' id='word_1_88' title='bbox 818 2439 1025 2536; x_wconf 85' lang='lat' dir='ltr'>turbamque</span> <span class='ocrx_word' id='word_1_89' title='bbox 1039 2424 1085 2511; x_wconf 83' lang='lat' dir='ltr'>ad</span> <span class='ocrx_word' id='word_1_90' title='bbox 1100 2460 1185 2511; x_wconf 91' lang='lat' dir='ltr'>nota</span> <span class='ocrx_word' id='word_1_91' title='bbox 1200 2459 1373 2513; x_wconf 81' lang='lat' dir='ltr'>ruentem.</span> 
     </span>
     <span class='ocr_line' id='line_1_14' title="bbox 248 2581 1279 2692; baseline -0.003 -30"><span class='ocrx_word' id='word_1_92' title='bbox 248 2639 251 2644; x_wconf 77' lang='lat'><em>,</em></span> <span class='ocrx_word' id='word_1_93' title='bbox 330 2581 333 2590; x_wconf 78' lang='grc'><strong>’</strong></span> <span class='ocrx_word' id='word_1_94' title='bbox 373 2588 514 2692; x_wconf 86' lang='lat' dir='ltr'>Integra</span> <span class='ocrx_word' id='word_1_95' title='bbox 531 2613 726 2689; x_wconf 86' lang='lat' dir='ltr'>quaeramus</span> <span class='ocrx_word' id='word_1_96' title='bbox 744 2611 901 2665; x_wconf 84' lang='lat' dir='ltr'>rorantes</span> <span class='ocrx_word' id='word_1_97' title='bbox 924 2609 1020 2688; x_wconf 87' lang='lat' dir='ltr'>prata</span> <span class='ocrx_word' id='word_1_98' title='bbox 1039 2612 1103 2687; x_wconf 88' lang='lat' dir='ltr'>pet</span> <span class='ocrx_word' id='word_1_99' title='bbox 1123 2587 1279 2679; x_wconf 84' lang='lat' dir='ltr'>hetbas3</span> 
     </span>
     <span class='ocr_line' id='line_1_15' title="bbox 376 2727 1376 2829; baseline -0.002 -16"><span class='ocrx_word' id='word_1_100' title='bbox 376 2727 595 2829; x_wconf 70' lang='lat' dir='ltr'>Undimque</span> <span class='ocrx_word' id='word_1_101' title='bbox 613 2730 759 2811; x_wconf 84' lang='lat' dir='ltr'>occultis</span> <span class='ocrx_word' id='word_1_102' title='bbox 784 2739 1010 2813; x_wconf 90' lang='lat' dir='ltr'>meditantem</span> <span class='ocrx_word' id='word_1_103' title='bbox 1027 2762 1183 2812; x_wconf 88' lang='lat' dir='ltr'>murmur</span> <span class='ocrx_word' id='word_1_104' title='bbox 1193 2740 1230 2811; x_wconf 92' lang='lat' dir='ltr'>in</span> <span class='ocrx_word' id='word_1_105' title='bbox 1251 2737 1376 2828; x_wconf 72' lang='lat' dir='ltr'>antris,l</span> 
     </span>
    </p>
   </div>
   <div class='ocr_carea' id='block_1_4' title="bbox 301 2886 1256 3138">
    <p class='ocr_par' dir='ltr' id='par_1_4' title="bbox 301 2886 1256 3138">
     <span class='ocr_line' id='line_1_16' title="bbox 378 2886 1256 2989; baseline 0.01 -37"><span class='ocrx_word' id='word_1_106' title='bbox 378 2887 495 2986; x_wconf 68' lang='lat' dir='ltr'>Quam</span> <span class='ocrx_word' id='word_1_107' title='bbox 516 2905 634 2982; x_wconf 89' lang='lat' dir='ltr'>neque</span> <span class='ocrx_word' id='word_1_108' title='bbox 658 2886 783 2961; x_wconf 91' lang='lat' dir='ltr'>durato</span> <span class='ocrx_word' id='word_1_109' title='bbox 804 2889 962 2989; x_wconf 84' lang='lat' dir='ltr'>gustarint</span> <span class='ocrx_word' id='word_1_110' title='bbox 984 2914 1047 2962; x_wconf 90' lang='lat' dir='ltr'>ore</span> <span class='ocrx_word' id='word_1_111' title='bbox 1068 2886 1256 2979; x_wconf 87' lang='lat' dir='ltr'>volucres,</span> 
     </span>
     <span class='ocr_line' id='line_1_17' title="bbox 301 3029 1162 3138; baseline 0.009 -36"><span class='ocrx_word' id='word_1_112' title='bbox 301 3056 352 3138; x_wconf 88' lang='lat'>55</span> <span class='ocrx_word' id='word_1_113' title='bbox 375 3029 455 3125; x_wconf 86' lang='lat' dir='ltr'>Ipse</span> <span class='ocrx_word' id='word_1_114' title='bbox 471 3050 539 3103; x_wconf 89' lang='lat' dir='ltr'>nec</span> <span class='ocrx_word' id='word_1_115' title='bbox 561 3033 716 3103; x_wconf 87' lang='lat' dir='ltr'>aethereo</span> <span class='ocrx_word' id='word_1_116' title='bbox 734 3036 888 3107; x_wconf 86' lang='lat' dir='ltr'>Phoebus</span> <span class='ocrx_word' id='word_1_117' title='bbox 909 3035 1066 3110; x_wconf 88' lang='lat' dir='ltr'>libaverit</span> <span class='ocrx_word' id='word_1_118' title='bbox 1080 3035 1162 3137; x_wconf 87' lang='lat' dir='ltr'>igni.</span> 
     </span>
    </p>
   </div>
   <div class='ocr_carea' id='block_1_5' title="bbox 314 3206 1383 4084">
    <p class='ocr_par' dir='ltr' id='par_1_5' title="bbox 314 3206 1377 3617">
     <span class='ocr_line' id='line_1_18' title="bbox 420 3206 1101 3293; baseline 0.01 -24"><span class='ocrx_word' id='word_1_119' title='bbox 420 3206 460 3269; x_wconf 90' lang='lat' dir='ltr'>V.</span> <span class='ocrx_word' id='word_1_120' title='bbox 478 3221 532 3283; x_wconf 62' lang='grc' dir='ltr'>μ.</span> <span class='ocrx_word' id='word_1_121' title='bbox 554 3208 684 3286; x_wconf 86' lang='lat' dir='ltr'>Omnes,</span> <span class='ocrx_word' id='word_1_122' title='bbox 708 3233 745 3272; x_wconf 82' lang='lat' dir='ltr'>uc</span> <span class='ocrx_word' id='word_1_123' title='bbox 767 3214 870 3285; x_wconf 58' lang='lat' dir='ltr'>bellem</span> <span class='ocrx_word' id='word_1_124' title='bbox 891 3212 925 3272; x_wconf 88' lang='lat' dir='ltr'>B.</span> <span class='ocrx_word' id='word_1_125' title='bbox 943 3237 981 3276; x_wconf 83' lang='lat' dir='ltr'>ac</span> <span class='ocrx_word' id='word_1_126' title='bbox 990 3216 1101 3293; x_wconf 83' lang='lat' dir='ltr'>soecla.</span> 
     </span>
     <span class='ocr_line' id='line_1_19' title="bbox 417 3319 1377 3407; baseline 0.005 -24"><span class='ocrx_word' id='word_1_127' title='bbox 417 3319 458 3383; x_wconf 89' lang='lat' dir='ltr'>V.</span> <span class='ocrx_word' id='word_1_128' title='bbox 487 3344 536 3397; x_wconf 83' lang='lat'>44.</span> <span class='ocrx_word' id='word_1_129' title='bbox 557 3321 612 3401; x_wconf 78' lang='lat' dir='ltr'>Pto</span> <span class='ocrx_word' id='word_1_130' title='bbox 629 3326 781 3407; x_wconf 81' lang='lat' dir='ltr'>vitamque</span> <span class='ocrx_word' id='word_1_131' title='bbox 802 3326 834 3385; x_wconf 84' lang='lat' dir='ltr'>B.</span> <span class='ocrx_word' id='word_1_132' title='bbox 851 3326 913 3386; x_wconf 90' lang='lat' dir='ltr'>vult</span> <span class='ocrx_word' id='word_1_133' title='bbox 930 3329 1072 3389; x_wconf 80' lang='lat' dir='ltr'>vitamve.</span> <span class='ocrx_word' id='word_1_134' title='bbox 1093 3326 1149 3387; x_wconf 86' lang='lat' dir='ltr'>Sed</span> <span class='ocrx_word' id='word_1_135' title='bbox 1175 3326 1221 3389; x_wconf 87' lang='lat' dir='ltr'>his</span> <span class='ocrx_word' id='word_1_136' title='bbox 1244 3326 1377 3391; x_wconf 79' lang='lat' dir='ltr'>encliticis</span> 
     </span>
     <span class='ocr_line' id='line_1_20' title="bbox 314 3436 1377 3522; baseline 0.005 -22"><span class='ocrx_word' id='word_1_137' title='bbox 314 3495 320 3500; x_wconf 94' lang='grc'><em>,</em></span> <span class='ocrx_word' id='word_1_138' title='bbox 382 3436 525 3521; x_wconf 83' lang='lat' dir='ltr'>particulis</span> <span class='ocrx_word' id='word_1_139' title='bbox 553 3459 629 3521; x_wconf 82' lang='lat' dir='ltr'>que,</span> <span class='ocrx_word' id='word_1_140' title='bbox 653 3458 689 3499; x_wconf 78' lang='lat' dir='ltr'>ve</span> <span class='ocrx_word' id='word_1_141' title='bbox 710 3436 751 3497; x_wconf 88' lang='lat' dir='ltr'>sat</span> <span class='ocrx_word' id='word_1_142' title='bbox 780 3436 850 3518; x_wconf 81' lang='lat' dir='ltr'>saepe</span> <span class='ocrx_word' id='word_1_143' title='bbox 874 3438 965 3499; x_wconf 83' lang='lat' dir='ltr'>Poerae</span> <span class='ocrx_word' id='word_1_144' title='bbox 984 3437 1222 3505; x_wconf 84' lang='lat' dir='ltr'>indiscriminatim</span> <span class='ocrx_word' id='word_1_145' title='bbox 1242 3460 1377 3522; x_wconf 84' lang='lat' dir='ltr'>uruntur,</span> 
     </span>
     <span class='ocr_line' id='line_1_21' title="bbox 384 3554 849 3617; baseline 0.004 -2"><span class='ocrx_word' id='word_1_146' title='bbox 384 3573 416 3616; x_wconf 93' lang='lat' dir='ltr'>ut</span> <span class='ocrx_word' id='word_1_147' title='bbox 438 3554 546 3615; x_wconf 90' lang='lat' dir='ltr'>dudum</span> <span class='ocrx_word' id='word_1_148' title='bbox 567 3554 710 3615; x_wconf 82' lang='lat' dir='ltr'>annotavit</span> <span class='ocrx_word' id='word_1_149' title='bbox 727 3554 849 3617; x_wconf 81' lang='lat' dir='ltr'>Servius.</span> 
     </span>
    </p>

    <p class='ocr_par' dir='ltr' id='par_1_6' title="bbox 385 3666 1383 4084">
     <span class='ocr_line' id='line_1_22' title="bbox 421 3666 1381 3755; baseline 0.007 -26"><span class='ocrx_word' id='word_1_150' title='bbox 421 3666 460 3729; x_wconf 90' lang='lat' dir='ltr'>V.</span> <span class='ocrx_word' id='word_1_151' title='bbox 482 3688 532 3743; x_wconf 85' lang='lat'>45.</span> <span class='ocrx_word' id='word_1_152' title='bbox 560 3666 625 3730; x_wconf 89' lang='lat' dir='ltr'>Vet.</span> <span class='ocrx_word' id='word_1_153' title='bbox 649 3669 818 3738; x_wconf 74' lang='lat' dir='ltr'>immensum</span> <span class='ocrx_word' id='word_1_154' title='bbox 843 3691 963 3734; x_wconf 81' lang='lat' dir='ltr'>tartara</span> <span class='ocrx_word' id='word_1_155' title='bbox 982 3694 1123 3744; x_wconf 72' lang='lat' dir='ltr'>narraras</span> <span class='ocrx_word' id='word_1_156' title='bbox 1144 3673 1191 3736; x_wconf 85' lang='lat' dir='ltr'>Sc.</span> <span class='ocrx_word' id='word_1_157' title='bbox 1213 3673 1381 3755; x_wconf 75' lang='lat' dir='ltr'>immersum</span> 
     </span>
     <span class='ocr_line' id='line_1_23' title="bbox 385 3782 1379 3857; baseline 0.004 -7"><span class='ocrx_word' id='word_1_158' title='bbox 385 3806 520 3851; x_wconf 77' lang='lat' dir='ltr'>tartaron</span> <span class='ocrx_word' id='word_1_159' title='bbox 537 3805 634 3845; x_wconf 82' lang='lat' dir='ltr'>utrum</span> <span class='ocrx_word' id='word_1_160' title='bbox 646 3810 657 3857; x_wconf 91' lang='lat'><em>;</em></span> <span class='ocrx_word' id='word_1_161' title='bbox 669 3782 750 3849; x_wconf 66' lang='lat' dir='ltr'>Voti.</span> <span class='ocrx_word' id='word_1_162' title='bbox 770 3788 863 3849; x_wconf 79' lang='lat' dir='ltr'>arrd:</span> <span class='ocrx_word' id='word_1_163' title='bbox 884 3789 916 3851; x_wconf 87' lang='lat' dir='ltr'>B.</span> <span class='ocrx_word' id='word_1_164' title='bbox 936 3795 1024 3853; x_wconf 84' lang='lat' dir='ltr'>atris.</span> <span class='ocrx_word' id='word_1_165' title='bbox 1045 3790 1185 3851; x_wconf 84' lang='lat' dir='ltr'>Mittimus</span> <span class='ocrx_word' id='word_1_166' title='bbox 1198 3790 1233 3855; x_wconf 82' lang='lat' dir='ltr'>F.</span> <span class='ocrx_word' id='word_1_167' title='bbox 1246 3797 1272 3851; x_wconf 90' lang='lat'>&amp;</span> <span class='ocrx_word' id='word_1_168' title='bbox 1282 3790 1379 3854; x_wconf 86' lang='lat' dir='ltr'>Stoeb.</span> 
     </span>
     <span class='ocr_line' id='line_1_24' title="bbox 389 3900 1383 3992; baseline 0.006 -31"><span class='ocrx_word' id='word_1_169' title='bbox 389 3901 450 3961; x_wconf 90' lang='lat' dir='ltr'>Hic</span> <span class='ocrx_word' id='word_1_170' title='bbox 467 3919 569 3961; x_wconf 82' lang='lat' dir='ltr'>nocem</span> <span class='ocrx_word' id='word_1_171' title='bbox 593 3903 725 3964; x_wconf 80' lang='lat' dir='ltr'>Tartaru</span> <span class='ocrx_word' id='word_1_172' title='bbox 738 3900 784 3962; x_wconf 89' lang='lat' dir='ltr'>dat</span> <span class='ocrx_word' id='word_1_173' title='bbox 801 3924 853 3983; x_wconf 81' lang='lat' dir='ltr'>pro</span> <span class='ocrx_word' id='word_1_174' title='bbox 870 3904 1025 3968; x_wconf 82' lang='lat' dir='ltr'>accusativo</span> <span class='ocrx_word' id='word_1_175' title='bbox 1044 3903 1174 3989; x_wconf 84' lang='lat' dir='ltr'>fingulari</span> <span class='ocrx_word' id='word_1_176' title='bbox 1195 3927 1307 3992; x_wconf 69' lang='lat' dir='ltr'>greco,</span> <span class='ocrx_word' id='word_1_177' title='bbox 1325 3926 1383 3970; x_wconf 89' lang='lat' dir='ltr'>non</span> 
     </span>
     <span class='ocr_line' id='line_1_25' title="bbox 387 4013 620 4084; baseline 0.017 -9"><span class='ocrx_word' id='word_1_178' title='bbox 387 4013 503 4084; x_wconf 77' lang='lat' dir='ltr'>Graecus</span> <span class='ocrx_word' id='word_1_179' title='bbox 523 4016 620 4079; x_wconf 79' lang='lat' dir='ltr'>horno.</span> 
     </span>
    </p>
   </div>
   <div class='ocr_carea' id='block_1_6' title="bbox 0 0 1714 5075">
    <p class='ocr_par' dir='ltr' id='par_1_7' title="bbox 0 0 1714 5075">
     <span class='ocr_line' id='line_1_26' title="bbox 0 0 1714 5075; baseline 0 0"><span class='ocrx_word' id='word_1_180' title='bbox 0 0 1714 5075; x_wconf 95' lang='lat' dir='ltr'> </span> 
     </span>
    </p>
   </div>
  </div>
 </body>
</html>
