<?xml version="1.0" encoding="UTF-8"?>
<!DOCTYPE html PUBLIC "-//W3C//DTD XHTML 1.0 Transitional//EN"
    "http://www.w3.org/TR/xhtml1/DTD/xhtml1-transitional.dtd">
<html xmlns="http://www.w3.org/1999/xhtml" xml:lang="en" lang="en">
 <head>
  <title>
</title>
<meta http-equiv="Content-Type" content="text/html;charset=utf-8" />
  <meta name='ocr-system' content='tesseract 3.04.00' />
  <meta name='ocr-capabilities' content='ocr_page ocr_carea ocr_par ocr_line ocrx_word'/>
</head>
<body>
  <div class='ocr_page' id='page_1' title='image "./marcimaniliiast00cicegoog_0247.png"; bbox 0 0 3417 5075; ppageno 0'>
   <div class='ocr_carea' id='block_1_1' title="bbox 367 608 1468 2085">
    <p class='ocr_par' dir='ltr' id='par_1_1' title="bbox 462 608 1300 897">
     <span class='ocr_line' id='line_1_1' title="bbox 462 608 1300 726; baseline -0.002 -17"><span class='ocrx_word' id='word_1_1' title='bbox 462 652 546 726; x_wconf 56' lang='lat' dir='ltr'>unas·</span> <span class='ocrx_word' id='word_1_2' title='bbox 631 608 772 707; x_wconf 35' lang='lat' dir='ltr'>&#39;Lus</span> <span class='ocrx_word' id='word_1_3' title='bbox 803 615 1300 723; x_wconf 67' lang='lat' dir='ltr'>Asinou&#39;om&#39;Q-usss</span> 
     </span>
     <span class='ocr_line' id='line_1_2' title="bbox 472 793 1293 897; baseline -0.005 -27"><span class='ocrx_word' id='word_1_4' title='bbox 472 796 532 871; x_wconf 88' lang='lat' dir='ltr'>Sic</span> <span class='ocrx_word' id='word_1_5' title='bbox 553 823 616 871; x_wconf 87' lang='lat' dir='ltr'>nos</span> <span class='ocrx_word' id='word_1_6' title='bbox 638 801 851 896; x_wconf 86' lang='lat' dir='ltr'>conjungunt</span> <span class='ocrx_word' id='word_1_7' title='bbox 875 797 1065 897; x_wconf 86' lang='lat' dir='ltr'>majoribus</span> <span class='ocrx_word' id='word_1_8' title='bbox 1082 793 1293 871; x_wconf 84' lang='lat' dir='ltr'>intervallis.</span> 
     </span>
    </p>

    <p class='ocr_par' dir='ltr' id='par_1_2' title="bbox 369 932 1468 1640">
     <span class='ocr_line' id='line_1_3' title="bbox 369 932 1468 1045; baseline -0.003 -31"><span class='ocrx_word' id='word_1_9' title='bbox 369 932 447 1032; x_wconf 76' lang='lat'>&#39;670</span> <span class='ocrx_word' id='word_1_10' title='bbox 469 947 559 1022; x_wconf 87' lang='lat' dir='ltr'>Haec</span> <span class='ocrx_word' id='word_1_11' title='bbox 577 944 720 1018; x_wconf 85' lang='lat' dir='ltr'>meliora</span> <span class='ocrx_word' id='word_1_12' title='bbox 733 965 862 1043; x_wconf 82' lang='lat' dir='ltr'>putant</span> <span class='ocrx_word' id='word_1_13' title='bbox 887 966 1022 1018; x_wconf 88' lang='lat' dir='ltr'>mentes</span> <span class='ocrx_word' id='word_1_14' title='bbox 1043 967 1124 1042; x_wconf 78' lang='lat' dir='ltr'>quae</span> <span class='ocrx_word' id='word_1_15' title='bbox 1145 951 1299 1045; x_wconf 85' lang='lat' dir='ltr'>jungere</span> <span class='ocrx_word' id='word_1_16' title='bbox 1320 937 1468 1040; x_wconf 63' lang='lat' dir='ltr'>polium</span> 
     </span>
     <span class='ocr_line' id='line_1_4' title="bbox 469 1087 1466 1191; baseline -0.001 -26"><span class='ocrx_word' id='word_1_17' title='bbox 469 1093 583 1188; x_wconf 76' lang='lat' dir='ltr'>Quim</span> <span class='ocrx_word' id='word_1_18' title='bbox 595 1115 675 1190; x_wconf 82' lang='lat' dir='ltr'>quae</span> <span class='ocrx_word' id='word_1_19' title='bbox 686 1097 951 1188; x_wconf 77' lang='lat' dir='ltr'>nonnumquam</span> <span class='ocrx_word' id='word_1_20' title='bbox 964 1091 1078 1164; x_wconf 87' lang='lat' dir='ltr'>foedus</span> <span class='ocrx_word' id='word_1_21' title='bbox 1087 1090 1149 1164; x_wconf 91' lang='lat' dir='ltr'>sub</span> <span class='ocrx_word' id='word_1_22' title='bbox 1163 1091 1340 1191; x_wconf 84' lang='lat' dir='ltr'>sanguine</span> <span class='ocrx_word' id='word_1_23' title='bbox 1351 1087 1466 1164; x_wconf 77' lang='lat' dir='ltr'>sallum</span> 
     </span>
     <span class='ocr_line' id='line_1_5' title="bbox 464 1215 1337 1345; baseline -0.002 -30"><span class='ocrx_word' id='word_1_24' title='bbox 464 1242 569 1315; x_wconf 81' lang='lat' dir='ltr'>&#39;Adde</span> <span class='ocrx_word' id='word_1_25' title='bbox 585 1241 659 1315; x_wconf 84' lang='lat' dir='ltr'>suas</span> <span class='ocrx_word' id='word_1_26' title='bbox 679 1263 805 1341; x_wconf 85' lang='lat' dir='ltr'>partes·</span> <span class='ocrx_word' id='word_1_27' title='bbox 817 1215 939 1345; x_wconf 67' lang='lat' dir='ltr'>ignis,</span> <span class='ocrx_word' id='word_1_28' title='bbox 959 1241 1018 1315; x_wconf 86' lang='lat' dir='ltr'>sua</span> <span class='ocrx_word' id='word_1_29' title='bbox 1043 1241 1193 1338; x_wconf 85' lang='lat' dir='ltr'>partibus</span> <span class='ocrx_word' id='word_1_30' title='bbox 1216 1241 1337 1329; x_wconf 86' lang='lat' dir='ltr'>astra,</span> 
     </span>
     <span class='ocr_line' id='line_1_6' title="bbox 446 1388 1410 1483; baseline -0.005 -14"><span class='ocrx_word' id='word_1_31' title='bbox 446 1388 562 1469; x_wconf 71' lang='lat' dir='ltr'>:Nam</span> <span class='ocrx_word' id='word_1_32' title='bbox 579 1391 666 1465; x_wconf 82' lang='lat' dir='ltr'>nihil</span> <span class='ocrx_word' id='word_1_33' title='bbox 682 1393 718 1464; x_wconf 89' lang='lat' dir='ltr'>in</span> <span class='ocrx_word' id='word_1_34' title='bbox 739 1414 853 1466; x_wconf 86' lang='lat' dir='ltr'>totum</span> <span class='ocrx_word' id='word_1_35' title='bbox 877 1392 979 1468; x_wconf 81' lang='lat' dir='ltr'>servit</span> <span class='ocrx_word' id='word_1_36' title='bbox 997 1392 1058 1465; x_wconf 84' lang='lat' dir='ltr'>fibi</span> <span class='ocrx_word' id='word_1_37' title='bbox 1072 1420 1090 1483; x_wconf 75' lang='grc' dir='ltr'><em>ς</em></span> <span class='ocrx_word' id='word_1_38' title='bbox 1106 1392 1212 1464; x_wconf 83' lang='lat' dir='ltr'>mixta</span> <span class='ocrx_word' id='word_1_39' title='bbox 1233 1391 1410 1479; x_wconf 68' lang='lat' dir='ltr'>[ciuntur.</span> 
     </span>
     <span class='ocr_line' id='line_1_7' title="bbox 467 1534 1341 1640; baseline 0.003 -30"><span class='ocrx_word' id='word_1_40' title='bbox 467 1534 554 1638; x_wconf 81' lang='lat' dir='ltr'>Ipfis</span> <span class='ocrx_word' id='word_1_41' title='bbox 577 1539 661 1614; x_wconf 87' lang='lat' dir='ltr'>dant</span> <span class='ocrx_word' id='word_1_42' title='bbox 683 1541 773 1616; x_wconf 89' lang='lat' dir='ltr'>vires</span> <span class='ocrx_word' id='word_1_43' title='bbox 796 1543 887 1616; x_wconf 86' lang='lat' dir='ltr'>astris</span> <span class='ocrx_word' id='word_1_44' title='bbox 908 1542 1116 1640; x_wconf 82' lang='lat' dir='ltr'>capiuntque</span> <span class='ocrx_word' id='word_1_45' title='bbox 1138 1540 1286 1615; x_wconf 81' lang='lat' dir='ltr'>viciffim</span> <span class='ocrx_word' id='word_1_46' title='bbox 1304 1549 1341 1613; x_wconf 87' lang='lat'>:&#39;</span> 
     </span>
    </p>

    <p class='ocr_par' dir='ltr' id='par_1_3' title="bbox 367 1668 1433 1938">
     <span class='ocr_line' id='line_1_8' title="bbox 367 1668 1433 1791; baseline -0.006 -24"><span class='ocrx_word' id='word_1_47' title='bbox 367 1674 442 1770; x_wconf 76' lang='lat'>&#39;675</span> <span class='ocrx_word' id='word_1_48' title='bbox 453 1781 456 1785; x_wconf 20' lang='grc' dir='ltr'>Ι</span> <span class='ocrx_word' id='word_1_49' title='bbox 468 1668 561 1782; x_wconf 80' lang='lat' dir='ltr'>Quae</span> <span class='ocrx_word' id='word_1_50' title='bbox 581 1690 665 1760; x_wconf 91' lang='lat' dir='ltr'>mihi</span> <span class='ocrx_word' id='word_1_51' title='bbox 686 1714 772 1761; x_wconf 86' lang='lat' dir='ltr'>mox</span> <span class='ocrx_word' id='word_1_52' title='bbox 793 1677 892 1763; x_wconf 80' lang='lat' dir='ltr'>ceno</span> <span class='ocrx_word' id='word_1_53' title='bbox 913 1691 1040 1791; x_wconf 85' lang='lat' dir='ltr'>digesta</span> <span class='ocrx_word' id='word_1_54' title='bbox 1060 1690 1121 1762; x_wconf 89' lang='lat' dir='ltr'>sub</span> <span class='ocrx_word' id='word_1_55' title='bbox 1145 1690 1271 1762; x_wconf 91' lang='lat' dir='ltr'><strong>ordine</strong></span> <span class='ocrx_word' id='word_1_56' title='bbox 1292 1688 1433 1788; x_wconf 74' lang='lat' dir='ltr'>surgent.</span> 
     </span>
     <span class='ocr_line' id='line_1_9' title="bbox 463 1795 1412 1938; baseline 0.001 -29"><span class='ocrx_word' id='word_1_57' title='bbox 463 1835 639 1909; x_wconf 85' lang='lat' dir='ltr'><strong>Omnibus</strong></span> <span class='ocrx_word' id='word_1_58' title='bbox 659 1860 703 1907; x_wconf 90' lang='lat' dir='ltr'>ex</span> <span class='ocrx_word' id='word_1_59' title='bbox 724 1837 791 1907; x_wconf 84' lang='lat' dir='ltr'>istis</span> <span class='ocrx_word' id='word_1_60' title='bbox 808 1840 896 1910; x_wconf 89' lang='lat' dir='ltr'>ratio</span> <span class='ocrx_word' id='word_1_61' title='bbox 916 1841 963 1912; x_wconf 87' lang='lat' dir='ltr'>ess</span> <span class='ocrx_word' id='word_1_62' title='bbox 982 1795 1173 1937; x_wconf 70' lang='lat' dir='ltr'>repetenda</span> <span class='ocrx_word' id='word_1_63' title='bbox 1192 1864 1259 1938; x_wconf 89' lang='lat' dir='ltr'>per</span> <span class='ocrx_word' id='word_1_64' title='bbox 1279 1860 1412 1926; x_wconf 85' lang='lat' dir='ltr'>artem,</span> 
     </span>
    </p>

    <p class='ocr_par' dir='ltr' id='par_1_4' title="bbox 391 1980 1232 2085">
     <span class='ocr_line' id='line_1_10' title="bbox 391 1980 1232 2085; baseline 0.006 -28"><span class='ocrx_word' id='word_1_65' title='bbox 391 2068 395 2075; x_wconf 25' lang='lat'>¹</span> <span class='ocrx_word' id='word_1_66' title='bbox 461 1980 727 2057; x_wconf 82' lang='lat' dir='ltr'>&#39;Pacatainfestis</span> <span class='ocrx_word' id='word_1_67' title='bbox 743 1984 887 2083; x_wconf 78' lang='lat' dir='ltr'>signant</span> <span class='ocrx_word' id='word_1_68' title='bbox 904 1987 1099 2061; x_wconf 86' lang='lat' dir='ltr'>discernere</span> <span class='ocrx_word' id='word_1_69' title='bbox 1115 1987 1232 2085; x_wconf 81' lang='lat' dir='ltr'>poffis.</span> 
     </span>
    </p>
   </div>
   <div class='ocr_carea' id='block_1_2' title="bbox 450 2121 1450 2240">
    <p class='ocr_par' dir='ltr' id='par_1_5' title="bbox 450 2121 1450 2240">
     <span class='ocr_line' id='line_1_11' title="bbox 450 2121 1450 2240; baseline 0.007 -35"><span class='ocrx_word' id='word_1_70' title='bbox 450 2176 467 2193; x_wconf 84' lang='lat'>·-</span> <span class='ocrx_word' id='word_1_71' title='bbox 517 2131 678 2230; x_wconf 85' lang='lat' dir='ltr'>Perspice</span> <span class='ocrx_word' id='word_1_72' title='bbox 689 2135 1009 2212; x_wconf 84' lang='lat' dir='ltr'>nunetenuemvisu</span> <span class='ocrx_word' id='word_1_73' title='bbox 1019 2138 1284 2234; x_wconf 86' lang='lat' dir='ltr'>rem‚pondere</span> <span class='ocrx_word' id='word_1_74' title='bbox 1299 2121 1450 2240; x_wconf 70' lang='lat' dir='ltr'>mngmn,</span> 
     </span>
    </p>
   </div>
   <div class='ocr_carea' id='block_1_3' title="bbox 259 2280 1273 2386">
    <p class='ocr_par' dir='ltr' id='par_1_6' title="bbox 259 2280 1273 2386">
     <span class='ocr_line' id='line_1_12' title="bbox 259 2280 1273 2386; baseline 0.003 -32"><span class='ocrx_word' id='word_1_75' title='bbox 259 2280 262 2285; x_wconf 65' lang='grc'><strong>’</strong></span> <span class='ocrx_word' id='word_1_76' title='bbox 380 2300 382 2305; x_wconf 87' lang='grc'><strong>’</strong></span> <span class='ocrx_word' id='word_1_77' title='bbox 461 2281 515 2356; x_wconf 83' lang='lat' dir='ltr'>¹Et</span> <span class='ocrx_word' id='word_1_78' title='bbox 535 2283 667 2359; x_wconf 80' lang='lat' dir='ltr'>tantum</span> <span class='ocrx_word' id='word_1_79' title='bbox 689 2285 797 2358; x_wconf 87' lang='lat' dir='ltr'>Graio</span> <span class='ocrx_word' id='word_1_80' title='bbox 814 2283 933 2386; x_wconf 84' lang='lat' dir='ltr'>fignari</span> <span class='ocrx_word' id='word_1_81' title='bbox 951 2288 1094 2358; x_wconf 85' lang='lat' dir='ltr'>nomine</span> <span class='ocrx_word' id='word_1_82' title='bbox 1115 2285 1273 2384; x_wconf 80' lang='lat' dir='ltr'>paffam,</span> 
     </span>
    </p>
   </div>
   <div class='ocr_carea' id='block_1_4' title="bbox 370 2414 1300 2533">
    <p class='ocr_par' dir='ltr' id='par_1_7' title="bbox 370 2414 1300 2533">
     <span class='ocr_line' id='line_1_13' title="bbox 370 2414 1300 2533; baseline 0.014 -38"><span class='ocrx_word' id='word_1_83' title='bbox 370 2414 447 2496; x_wconf 82' lang='lat'>680</span> <span class='ocrx_word' id='word_1_84' title='bbox 471 2431 793 2519; x_wconf 83' lang='lat' dir='ltr'>Dodecatemoria,</span> <span class='ocrx_word' id='word_1_85' title='bbox 809 2433 844 2504; x_wconf 92' lang='lat' dir='ltr'>in</span> <span class='ocrx_word' id='word_1_86' title='bbox 867 2430 967 2506; x_wconf 87' lang='lat' dir='ltr'>titulo</span> <span class='ocrx_word' id='word_1_87' title='bbox 986 2432 1147 2533; x_wconf 73' lang='lat' dir='ltr'>signantia</span> <span class='ocrx_word' id='word_1_88' title='bbox 1165 2434 1300 2508; x_wconf 82' lang='lat' dir='ltr'>causas.</span> 
     </span>
    </p>
   </div>
   <div class='ocr_carea' id='block_1_5' title="bbox 466 2584 1390 3137">
    <p class='ocr_par' dir='ltr' id='par_1_8' title="bbox 466 2584 1390 3137">
     <span class='ocr_line' id='line_1_14' title="bbox 466 2584 1390 2682; baseline 0.003 -25"><span class='ocrx_word' id='word_1_89' title='bbox 466 2584 564 2657; x_wconf 87' lang='lat' dir='ltr'>Nam</span> <span class='ocrx_word' id='word_1_90' title='bbox 584 2609 667 2657; x_wconf 92' lang='lat' dir='ltr'>cum</span> <span class='ocrx_word' id='word_1_91' title='bbox 685 2584 831 2656; x_wconf 87' lang='lat' dir='ltr'>tricenas</span> <span class='ocrx_word' id='word_1_92' title='bbox 849 2608 914 2680; x_wconf 85' lang='lat' dir='ltr'>per</span> <span class='ocrx_word' id='word_1_93' title='bbox 935 2606 1049 2682; x_wconf 88' lang='lat' dir='ltr'>partes</span> <span class='ocrx_word' id='word_1_94' title='bbox 1073 2584 1182 2657; x_wconf 83' lang='lat' dir='ltr'>sidera</span> <span class='ocrx_word' id='word_1_95' title='bbox 1203 2587 1390 2678; x_wconf 83' lang='lat' dir='ltr'>conflent,</span> 
     </span>
     <span class='ocr_line' id='line_1_15' title="bbox 468 2715 1309 2832; baseline 0.004 -29"><span class='ocrx_word' id='word_1_96' title='bbox 468 2715 598 2803; x_wconf 77' lang='lat' dir='ltr'>Rursus</span> <span class='ocrx_word' id='word_1_97' title='bbox 615 2726 668 2807; x_wconf 85' lang='lat' dir='ltr'>bis</span> <span class='ocrx_word' id='word_1_98' title='bbox 687 2727 773 2802; x_wconf 83' lang='lat' dir='ltr'>senis</span> <span class='ocrx_word' id='word_1_99' title='bbox 795 2754 958 2803; x_wconf 82' lang='lat' dir='ltr'>numerus</span> <span class='ocrx_word' id='word_1_100' title='bbox 979 2730 1153 2832; x_wconf 83' lang='lat' dir='ltr'>diducitur</span> <span class='ocrx_word' id='word_1_101' title='bbox 1174 2735 1309 2808; x_wconf 74' lang='lat' dir='ltr'>omnis,</span> 
     </span>
     <span class='ocr_line' id='line_1_16' title="bbox 466 2871 1216 2977; baseline 0 -26"><span class='ocrx_word' id='word_1_102' title='bbox 466 2871 545 2976; x_wconf 86' lang='lat' dir='ltr'>Ipsa</span> <span class='ocrx_word' id='word_1_103' title='bbox 569 2879 671 2977; x_wconf 81' lang='lat' dir='ltr'>igitur</span> <span class='ocrx_word' id='word_1_104' title='bbox 689 2878 777 2950; x_wconf 83' lang='lat' dir='ltr'>ratio</span> <span class='ocrx_word' id='word_1_105' title='bbox 798 2877 895 2951; x_wconf 82' lang='lat' dir='ltr'>binas</span> <span class='ocrx_word' id='word_1_106' title='bbox 913 2878 948 2950; x_wconf 89' lang='lat' dir='ltr'>in</span> <span class='ocrx_word' id='word_1_107' title='bbox 969 2877 1121 2977; x_wconf 87' lang='lat' dir='ltr'>partibus</span> <span class='ocrx_word' id='word_1_108' title='bbox 1147 2874 1216 2951; x_wconf 82' lang='lat' dir='ltr'>effe</span> 
     </span>
     <span class='ocr_line' id='line_1_17' title="bbox 467 3021 1306 3137; baseline 0.006 -39"><span class='ocrx_word' id='word_1_109' title='bbox 467 3021 710 3120; x_wconf 85' lang='lat' dir='ltr'>Dimidiasque</span> <span class='ocrx_word' id='word_1_110' title='bbox 734 3027 842 3137; x_wconf 84' lang='lat' dir='ltr'>docet</span> <span class='ocrx_word' id='word_1_111' title='bbox 863 3049 987 3123; x_wconf 84' lang='lat' dir='ltr'>partes.</span> <span class='ocrx_word' id='word_1_112' title='bbox 1006 3029 1071 3104; x_wconf 83' lang='lat' dir='ltr'>His</span> <span class='ocrx_word' id='word_1_113' title='bbox 1086 3025 1210 3101; x_wconf 85' lang='lat' dir='ltr'>finibus</span> <span class='ocrx_word' id='word_1_114' title='bbox 1231 3028 1306 3103; x_wconf 82' lang='lat' dir='ltr'>effe</span> 
     </span>
    </p>
   </div>
   <div class='ocr_carea' id='block_1_6' title="bbox 373 3169 1377 3270">
    <p class='ocr_par' dir='ltr' id='par_1_9' title="bbox 373 3169 1377 3270">
     <span class='ocr_line' id='line_1_18' title="bbox 373 3169 1377 3270; baseline 0.004 -23"><span class='ocrx_word' id='word_1_115' title='bbox 373 3174 446 3267; x_wconf 81' lang='lat'>685</span> <span class='ocrx_word' id='word_1_116' title='bbox 469 3169 811 3242; x_wconf 85' lang='lat' dir='ltr'>Dodecatemorium</span> <span class='ocrx_word' id='word_1_117' title='bbox 831 3171 962 3241; x_wconf 80' lang='lat' dir='ltr'>constat</span> <span class='ocrx_word' id='word_1_118' title='bbox 974 3223 985 3258; x_wconf 91' lang='lat'>‚</span> <span class='ocrx_word' id='word_1_119' title='bbox 1008 3170 1234 3270; x_wconf 86' lang='lat' dir='ltr'>bissenaque</span> <span class='ocrx_word' id='word_1_120' title='bbox 1256 3180 1377 3251; x_wconf 74' lang='lat' dir='ltr'>cunda</span> 
     </span>
    </p>
   </div>
   <div class='ocr_carea' id='block_1_7' title="bbox 468 3406 1475 3966">
    <p class='ocr_par' dir='ltr' id='par_1_10' title="bbox 468 3406 1475 3966">
     <span class='ocr_line' id='line_1_19' title="bbox 468 3406 1472 3521; baseline 0.009 -31"><span class='ocrx_word' id='word_1_121' title='bbox 468 3406 471 3410; x_wconf 17' lang='grc' dir='ltr'><em>ι</em></span> <span class='ocrx_word' id='word_1_122' title='bbox 514 3426 554 3491; x_wconf 88' lang='lat' dir='ltr'>V.</span> <span class='ocrx_word' id='word_1_123' title='bbox 571 3436 641 3503; x_wconf 85' lang='lat'><strong><em>677.</em></strong></span> <span class='ocrx_word' id='word_1_124' title='bbox 661 3424 794 3503; x_wconf 89' lang='lat' dir='ltr'>Omnes,</span> <span class='ocrx_word' id='word_1_125' title='bbox 814 3442 847 3486; x_wconf 85' lang='lat' dir='ltr'>ut</span> <span class='ocrx_word' id='word_1_126' title='bbox 862 3426 1027 3509; x_wconf 63' lang='lat' dir='ltr'>perdiscene</span> <span class='ocrx_word' id='word_1_127' title='bbox 1039 3427 1120 3507; x_wconf 84' lang='lat' dir='ltr'>poffis</span> <span class='ocrx_word' id='word_1_128' title='bbox 1131 3427 1141 3494; x_wconf 64' lang='grc' dir='ltr'>ε’</span> <span class='ocrx_word' id='word_1_129' title='bbox 1155 3431 1188 3493; x_wconf 88' lang='grc' dir='ltr'>Β.</span> <span class='ocrx_word' id='word_1_130' title='bbox 1202 3435 1394 3521; x_wconf 81' lang='lat' dir='ltr'>dignoscere3</span> <span class='ocrx_word' id='word_1_131' title='bbox 1409 3459 1472 3509; x_wconf 81' lang='lat' dir='ltr'>nos,</span> 
     </span>
     <span class='ocr_line' id='line_1_20' title="bbox 475 3542 1473 3624; baseline 0.007 -17"><span class='ocrx_word' id='word_1_132' title='bbox 475 3545 654 3624; x_wconf 79' lang='lat' dir='ltr'>discernere,</span> <span class='ocrx_word' id='word_1_133' title='bbox 670 3566 729 3603; x_wconf 90' lang='lat' dir='ltr'>non</span> <span class='ocrx_word' id='word_1_134' title='bbox 750 3542 803 3603; x_wconf 87' lang='lat' dir='ltr'>alia</span> <span class='ocrx_word' id='word_1_135' title='bbox 822 3544 857 3603; x_wconf 85' lang='lat' dir='ltr'>de</span> <span class='ocrx_word' id='word_1_136' title='bbox 876 3542 975 3619; x_wconf 86' lang='lat' dir='ltr'>causa,</span> <span class='ocrx_word' id='word_1_137' title='bbox 995 3543 1044 3605; x_wconf 84' lang='lat' dir='ltr'>nifi</span> <span class='ocrx_word' id='word_1_138' title='bbox 1061 3562 1091 3605; x_wconf 83' lang='lat' dir='ltr'>ut</span> <span class='ocrx_word' id='word_1_139' title='bbox 1111 3544 1146 3604; x_wconf 85' lang='lat' dir='ltr'>ad</span> <span class='ocrx_word' id='word_1_140' title='bbox 1169 3548 1304 3611; x_wconf 88' lang='lat' dir='ltr'>codicum</span> <span class='ocrx_word' id='word_1_141' title='bbox 1327 3551 1473 3614; x_wconf 78' lang='lat' dir='ltr'>leffionem</span> 
     </span>
     <span class='ocr_line' id='line_1_21' title="bbox 474 3651 1472 3747; baseline 0.013 -33"><span class='ocrx_word' id='word_1_142' title='bbox 474 3651 589 3735; x_wconf 75' lang='lat' dir='ltr'>propiis</span> <span class='ocrx_word' id='word_1_143' title='bbox 599 3655 775 3718; x_wconf 86' lang='lat' dir='ltr'>accedamus.</span> <span class='ocrx_word' id='word_1_144' title='bbox 790 3657 822 3713; x_wconf 85' lang='lat' dir='ltr'>ln</span> <span class='ocrx_word' id='word_1_145' title='bbox 833 3654 892 3715; x_wconf 79' lang='lat' dir='ltr'>mss.</span> <span class='ocrx_word' id='word_1_146' title='bbox 905 3680 953 3738; x_wconf 87' lang='lat' dir='ltr'>per</span> <span class='ocrx_word' id='word_1_147' title='bbox 966 3657 1163 3738; x_wconf 86' lang='lat' dir='ltr'>compendium</span> <span class='ocrx_word' id='word_1_148' title='bbox 1177 3682 1237 3725; x_wconf 85' lang='lat' dir='ltr'>erat</span> <span class='ocrx_word' id='word_1_149' title='bbox 1252 3665 1330 3727; x_wconf 63' lang='lat' dir='ltr'>forti</span> <span class='ocrx_word' id='word_1_150' title='bbox 1346 3665 1472 3747; x_wconf 77' lang='lat' dir='ltr'>scriptum</span> 
     </span>
     <span class='ocr_line' id='line_1_22' title="bbox 475 3770 1475 3862; baseline 0.013 -30"><span class='ocrx_word' id='word_1_151' title='bbox 475 3773 582 3856; x_wconf 76' lang='lat' dir='ltr'>discere</span> <span class='ocrx_word' id='word_1_152' title='bbox 610 3790 660 3847; x_wconf 88' lang='lat' dir='ltr'>pro</span> <span class='ocrx_word' id='word_1_153' title='bbox 689 3770 868 3849; x_wconf 79' lang='lat' dir='ltr'>discernere,</span> <span class='ocrx_word' id='word_1_154' title='bbox 895 3778 920 3833; x_wconf 73' lang='grc' dir='ltr'>ἃ</span> <span class='ocrx_word' id='word_1_155' title='bbox 945 3772 1049 3835; x_wconf 85' lang='lat' dir='ltr'>librarii</span> <span class='ocrx_word' id='word_1_156' title='bbox 1073 3774 1109 3835; x_wconf 82' lang='lat' dir='ltr'>ad</span> <span class='ocrx_word' id='word_1_157' title='bbox 1136 3780 1349 3862; x_wconf 80' lang='lat' dir='ltr'>complendum</span> <span class='ocrx_word' id='word_1_158' title='bbox 1372 3783 1475 3850; x_wconf 75' lang='lat' dir='ltr'>versun</span> 
     </span>
     <span class='ocr_line' id='line_1_23' title="bbox 473 3882 824 3966; baseline 0.003 -21"><span class='ocrx_word' id='word_1_159' title='bbox 473 3882 638 3963; x_wconf 82' lang='lat' dir='ltr'>scripserunt</span> <span class='ocrx_word' id='word_1_160' title='bbox 651 3883 824 3966; x_wconf 78' lang='lat' dir='ltr'>perdiscere.</span> 
     </span>
    </p>
   </div>
   <div class='ocr_carea' id='block_1_8' title="bbox 514 3964 1256 4090">
    <p class='ocr_par' dir='ltr' id='par_1_11' title="bbox 514 3964 1256 4090">
     <span class='ocr_line' id='line_1_24' title="bbox 514 3964 1256 4090; baseline 0.009 -29"><span class='ocrx_word' id='word_1_161' title='bbox 514 3994 553 4061; x_wconf 89' lang='lat' dir='ltr'>V.</span> <span class='ocrx_word' id='word_1_162' title='bbox 572 4005 640 4069; x_wconf 83' lang='lat'>679·</span> <span class='ocrx_word' id='word_1_163' title='bbox 657 3994 787 4079; x_wconf 84' lang='lat' dir='ltr'>Omnes,</span> <span class='ocrx_word' id='word_1_164' title='bbox 796 4000 941 4087; x_wconf 79' lang='lat' dir='ltr'>fignari3</span> <span class='ocrx_word' id='word_1_165' title='bbox 963 4000 995 4067; x_wconf 87' lang='lat' dir='ltr'>B.</span> <span class='ocrx_word' id='word_1_166' title='bbox 1012 3991 1154 4090; x_wconf 74' lang='lat' dir='ltr'>dignari.&#39;</span> <span class='ocrx_word' id='word_1_167' title='bbox 1253 3964 1256 3968; x_wconf 20' lang='grc' dir='ltr'>Ι</span> 
     </span>
    </p>
   </div>
   <div class='ocr_carea' id='block_1_9' title="bbox 0 0 1714 5075">
    <p class='ocr_par' dir='ltr' id='par_1_12' title="bbox 0 0 1714 5075">
     <span class='ocr_line' id='line_1_25' title="bbox 0 0 1714 5075; baseline 0 7"><span class='ocrx_word' id='word_1_168' title='bbox 0 0 1714 5075; x_wconf 95' lang='lat' dir='ltr'> </span> 
     </span>
    </p>
   </div>
  </div>
 </body>
</html>
