3417 5075
412 652 475 734 ²9⁸
615 646 707 720 Lus
744 647 1236 744 Asruouotuto'uns

406 821 602 915 Exortum,
626 831 769 902 octonos
786 830 904 904 decies
926 831 1073 905 ducetur
1090 833 1126 907 in
1142 856 1281 930 annox,

408 976 447 1048 si
468 977 540 1051 duo
562 978 746 1052 decedant.
770 978 821 1087 At
836 980 927 1051 ‘cluit
944 980 1008 1056 sub
1030 980 1182 1076 culmine
1201 964 1351 1054 summo

411 1120 599 1214 Confillet‚
625 1127 734 1199 tribus
756 1128 814 1199 hic
835 1151 998 1201 numerus
1017 1129 1233 1202 fraudabitur
1259 1128 1367 1202 attuit.

312 1275 338 1352 5
341 1274 391 1354 90
413 1268 473 1342 Bis
490 1271 717 1372 quadragenis
736 1275 879 1348 occasus
900 1278 998 1352 dives
1022 1277 1058 1348 iu
1077 1297 1175 1349 ortos

407 1416 512 1491 Solus
533 1442 606 1494 etat
617 1474 629 1514 ,
652 1446 801 1495 numero
821 1424 879 1498 nisi
897 1422 1029 1499 deesset
1049 1417 1228 1523 olympias
1249 1446 1339 1496 una,

356 1620 358 1629 .
409 1564 558 1665 Imaque
576 1570 725 1643 tricenos
746 1572 799 1645 bis
823 1572 1047 1645 fundamenta
1068 1597 1132 1670 pet
1151 1596 1270 1644 anuos

412 1715 626 1799 Censentur,
647 1717 703 1789 bis
718 1716 776 1789 sex
797 1720 936 1818 adjedis
956 1717 1126 1792 mensibus
1150 1741 1251 1792 aevo.
1327 1693 1332 1709 Ι

411 1863 591 1962 Quodque
610 1869 832 1962 priusnatum
855 1869 1201 1963 fueritdextmmque
1220 1867 1405 1966 trigonum,

313 2011 384 2087 595
411 2019 497 2089 Hoc
514 2017 701 2118 sexagenos
718 2015 836 2091 tribuit
858 2018 1082 2115 duplicatque
1104 2038 1316 2113 quaternos·

331 2226 335 2235 .
413 2167 522 2260 Quod
539 2167 640 2239 fuerit
659 2164 809 2256 loevum,
829 2166 1042 2265 praelataque
1065 2166 1156 2266 ligna
1173 2164 1363 2264 sequetur,

354 2314 358 2323 '
409 2315 579 2389 Tricenos
600 2339 708 2387 anuos
730 2314 909 2413 duplicat,
930 2337 998 2388 tres
1018 2313 1156 2411 insuper
1177 2315 1298 2388 addit.

362 2506 365 2516 ·
410 2462 572 2555 Quaeque
592 2461 693 2557 super
716 2460 848 2560 lignum
869 2460 1011 2531 nascens
1030 2460 1050 2531 ὲ
1071 2459 1218 2534 cardine
1245 2462 1388 2560 primum

413 2610 534 2683 Tertia
555 2610 667 2682 forma
690 2609 736 2681 est
748 2662 761 2701 ‚
793 2611 827 2681 8<
851 2607 989 2681 summo
1009 2598 1081 2709 jam
1108 2610 1276 2705 proxima
1298 2610 1405 2696 coelo,

315 2768 390 2843 600
412 2762 503 2835 Haec
526 2781 578 2832 ter
598 2760 740 2833 vicenos
761 2758 934 2858 geminat,
955 2779 1021 2830 tres
1044 2756 1206 2832 abstrahit
1234 2782 1359 2835 annos.

413 2879 575 3008 Quaeque
598 2909 685 2983 infra
705 2909 820 2985 veniet
839 2905 946 3007 spatio
967 2906 1073 2982 divisa
1090 2905 1152 2979 sub
1176 2930 1314 3003 aequo,

412 3062 478 3134 Per
499 3062 754 3159 quinquagenas
772 3056 930 3155 complet
947 3057 1005 3128 sua
1029 3080 1171 3127 munera
1193 3057 1349 3129 brumam

414 3203 603 3301 Quemque
626 3203 744 3277 locum
768 3204 904 3302 superat
922 3204 1064 3277 nascens
1086 3203 1336 3302 horoscopus,
1354 3200 1406 3274 ille

413 3356 518 3429 Deua
535 3372 654 3449 quater
679 3329 821 3423 reuocat
843 3353 1006 3425 vertentis
1027 3374 1191 3446 tempora
1210 3352 1312 3438 solis,

317 3500 389 3594 605
414 3473 694 3597 Acctttttulatque
719 3501 808 3573 duos
833 3498 971 3587 cursus,
988 3507 1225 3601 juvenemque
1244 3499 1409 3596 relinquit.

414 3650 466 3725 At
487 3638 546 3744 qui
565 3652 732 3745 praecedit
754 3650 919 3748 surgentis
936 3649 1080 3721 cardinis
1103 3648 1254 3738 horam,

414 3799 572 3877 Viceuos
593 3798 778 3895 ternosque
799 3800 896 3875 dabit
916 3797 1128 3901 nascentibus
1149 3822 1262 3871 anuos
1274 3853 1289 3887 ,

415 3952 486 4029 Vix
505 3951 715 4052 degustatam
735 3953 870 4051 rapiens
892 3950 956 4024 sub
977 3953 1063 4024 llore
1084 3953 1283 4050 juventam.
