3417 5075
401 620 453 699 7⁶
588 611 679 685 Lus
711 614 1187 708 Aranouunr‘uurs

390 782 507 859 -Alter
529 787 564 859 in
582 789 677 862 hunc
709 789 866 865 medium
897 792 1140 895 summumque
1160 789 1335 869 incumbit
1363 790 1401 864 in'

480 932 482 938 ’
644 964 771 1036 axem3

401 1084 538 1182 Perque
559 1090 668 1187 pedes
685 1093 818 1187 primos
837 1094 1011 1170 cervicem
1030 1091 1196 1168 transit&
1215 1088 1326 1176 ursae,

404 1235 520 1327 Quam
537 1235 670 1334 septem
693 1238 798 1313 stellae
819 1242 993 1337 primam,
1012 1245 1083 1340 jam
1107 1235 1178 1311 sole
1197 1257 1368 1333 remora,

305 1365 383 1444 600
403 1381 624 1469 Producant,
642 1387 747 1486 nigrae
773 1387 990 1486 praeb'entem
1009 1387 1138 1462 lumina
1157 1386 1275 1460 nodi:
1358 1394 1362 1403 ’

402 1532 449 1608 Et
474 1519 620 1635 geminis
637 1560 798 1609 cancrum
820 1530 966 1626 dirimit,
988 1540 1184 1640 stringitque
1200 1520 1418 1645 flagrantem*

352 1696 355 1703 '
404 1684 483 1757 Ore
504 1654 647 1773 canem,
667 1683 875 1783 clavumque
894 1688 996 1769 ratis,
1015 1671 1094 1781 quse
1116 1687 1244 1757 vicerat
1266 1699 1404 1776 aequor·

403 1827 494 1901 Inde
516 1855 618 1902 axem
639 1833 817 1907 occultum
837 1862 901 1931 per
924 1839 1000 1936 gyri
1022 1838 1111 1938 signa
1131 1834 1251 1931 prioris

407 1973 639 2070 Transverl23
655 2000 758 2074 atque
777 1978 838 2054 illo
860 1979 970 2051 rursus
988 1983 1034 2052 de
1060 1981 1169 2052 limite
1197 1983 1307 2078 tangit

312 2111 383 2208 605
408 2094 733 2226 Tuscapricome,
750 2128 884 2227 tuisque
895 2128 1044 2227 aquilam
1061 2129 1211 2228 designat
1227 2127 1271 2198 ab
1293 2124 1403 2197 astris:

408 2276 541 2370 Perque
555 2273 665 2370 lyram
675 2277 844 2352 inversam
857 2303 995 2353 currens
1007 2331 1017 2364 ,
1027 2274 1197 2374 spirasque
1209 2273 1396 2365 draconis,
1415 2379 1419 2387 1

407 2423 597 2495 Posteriora
617 2425 749 2520 pedum
770 2423 950 2520 cynosurae
977 2425 1128 2519 praeterit
1149 2425 1254 2515 astra3

406 2569 718 2668 Transversamque
737 2570 829 2645 secat
851 2574 967 2646 vicino
987 2571 1127 2644 cardine
1144 2574 1304 2669 caudam.
1323 2615 1331 2644 t

408 2719 480 2791 Hic
497 2719 621 2791 iterum
642 2720 714 2791 coit
737 2717 812 2818 ipse
835 2681 922 2807 fibi,
945 2717 1086 2792 memor
1103 2719 1205 2790 unde·
1221 2718 1432 2817 profellusr

311 2866 390 2942 610
464 2866 586 2963 Atque
612 2868 690 2941 haec
714 2866 842 2941 aeternri
859 2864 1005 2946 fixerunt
1023 2888 1181 2963 tempora
1202 2863 1313 2954 sede,

410 3010 568 3083 Immotis
586 3036 650 3107 per
667 3012 758 3109 signa
780 3012 867 3083 locis
882 3016 1027 3088 statione
1047 3015 1202 3111 perenni.

410 3160 490 3232 Hos
509 3140 668 3229 volucres
688 3156 806 3230 fecere
829 3158 931 3230 duos.
948 3161 1115 3252 Namque
1140 3158 1226 3229 alter
1245 3158 1289 3228 ab
1308 3157 1384 3253 ipsa

414 3306 632 3409 Consurgunt
654 3302 765 3377 helice
785 3305 942 3375 medium
962 3307 1120 3403 praecidit
1142 3304 1369 3399 Olympum,

319 3488 321 3491 ’
413 3455 654 3552 Discernitque
675 3454 769 3527 diem
784 3509 797 3543 ,
815 3452 1016 3551 sextamque
1042 3453 1212 3528 examinat
1231 3454 1382 3546 horam,

316 3615 388 3713 615
417 3607 463 3682 Et
480 3576 618 3703 laribus
636 3604 748 3702 spatiis
771 3605 913 3679 occasus
932 3607 1041 3679 cernit
1062 3606 1097 3676 &
1122 3626 1227 3675 ortus.

415 3758 486 3833 Hic
502 3775 613 3832 mutat
632 3780 695 3855 per
715 3756 806 3858 figna
827 3759 944 3837 vices:
968 3783 1048 3834 mm
1070 3755 1130 3829 seu
1154 3754 1227 3851 quis
1251 3777 1362 3842 eoos,
