3417 5075
466 699 531 746 100
666 670 748 748 [ru
797 672 1292 779 Asruououtnurt

460 853 568 949 Qubd
586 847 643 923 nist
660 851 791 926 viciuos
812 874 953 952 agerent
974 856 1150 931 occasibus
1169 883 1290 949 ortus,

458 1001 504 1075 Et
525 1021 594 1071 tam
618 1022 722 1096 parva
741 999 858 1074 forent.
877 973 1024 1076 accensis
1046 1028 1205 1106 tempora
1227 1008 1400 1096 flammis,

456 1143 558 1220 Alter
579 1148 679 1221 uode
701 1149 774 1220 dies
797 1148 881 1223 effer
898 1204 909 1236 ,
927 1151 1127 1251 coelumque
1149 1156 1278 1231 rediret

358 1278 431 1376 805
455 1292 682 1384 I'mmersum,
703 1296 738 1367 δι
764 1292 888 1369 somno
908 1319 1022 1372 totum
1045 1288 1278 1399 deprenderet
1301 1304 1444 1383 orbem

411 1432 418 1445 ’
454 1442 550 1516 Tum
569 1445 737 1540 quianon
758 1445 827 1522 una
853 1444 967 1545 specie
988 1448 1193 1552 dispergitur
1212 1454 1327 1526 omnis

453 1592 600 1669 Aridior
619 1615 719 1670 terrae
745 1619 877 1693 vapor,
900 1598 935 1668 ἃ
962 1600 1225 1701 comprenditur
1241 1601 1313 1702 igni
1330 1631 1342 1685 3

452 1738 615 1815 Diversas
636 1764 779 1838 quoque
802 1768 868 1840 per
890 1742 993 1816 facies
1018 1742 1160 1818 accensa
1180 1745 1336 1820 feruntur

453 1888 627 1980 Lumina,
653 1910 732 1984 quae
752 1883 868 1961 subitis
886 1889 1028 1962 existunt
1046 1915 1127 1964 nata
1147 1895 1313 1968 tenebris.
1347 1959 1350 1964 .

356 2020 431 2097 810
456 2040 552 2116 Nam
579 2035 710 2123 modi),
731 2060 797 2109 ceu
822 2033 919 2135 longi
944 2035 1077 2111 fluitent
1100 2039 1146 2111 de
1168 2042 1301 2115 vertice
1321 2041 1456 2140 crinesp

451 2187 609 2262 Flamma
633 2212 752 2259 comas
771 2187 902 2258 imitata
928 2184 1046 2278 volat3
1066 2189 1254 2286 tenuesque
1273 2191 1426 2291 capillos

452 2333 606 2408 Diffusus
628 2334 728 2406 radiis
754 2331 954 2404 ardentibus
976 2331 1125 2428 explicat
1146 2333 1245 2432 iguis.

452 2482 560 2557 Nuuc
583 2481 677 2580 prior
698 2479 776 2556 haec
797 2478 929 2578 species
953 2476 1108 2577 dispersis
1131 2482 1283 2558 crinibus
1308 2490 1408 2581 exit,

454 2605 502 2720 Et
520 2632 657 2733 glomus
680 2628 829 2702 ardentis
854 2628 1005 2725 sequitur
1024 2627 1085 2701 sub
1102 2630 1252 2731 imagine
1270 2634 1409 2712 barbae.

356 2773 430 2870 815
456 2782 638 2860 Interdum
660 2774 785 2875 aequali
805 2775 957 2850 laterum·
971 2779 1179 2878 compagine
1201 2780 1342 2868 dudus,

378 2916 381 2921 ’
457 2926 716 3023 'Quadratumve
729 2925 865 2999 trabem
875 2923 971 3023 fingit
984 2979 993 3013 ,
1008 2946 1199 3002 teretemve
1212 2926 1430 3012 columnam.

455 3074 676 3169 Quinetiam
701 3072 839 3144 tumidis
864 3093 1021 3165 exaequat
1046 3073 1139 3146 dolia
1163 3075 1332 3164 flammis,

454 3207 603 3280 Proceri
627 3199 769 3276 distenta
785 3222 924 3292 uter0s3
948 3198 1138 3295 parvasque
1158 3204 1309 3300 capellas

459 3357 645 3441 Mentitur,
671 3376 796 3449 parvos
816 3350 902 3449 iguis
925 3346 1134 3447 glomeratus
1154 3351 1189 3420 in
1210 3351 1342 3442 orbes,

360 3497 435 3577 820
458 3508 558 3580 Hirta
579 3503 762 3602 figurantes
787 3496 936 3571 tremulo
957 3495 1019 3570 sub
1041 3497 1172 3573 lumine
1190 3524 1336 3595 mema3

461 3650 656 3748 Lampadas
679 3649 714 3719 ἃ
731 3644 817 3718 frffas
839 3646 993 3721 ramosos
1016 3649 1126 3723 fundit
1149 3651 1184 3722 iu
1204 3652 1319 3752 ignes.¹

462 3802 677 3900 Ptaecipitaut
696 3796 824 3885 stellae,
845 3798 1034 3893 passiruque
1053 3796 1172 3871 volare
1191 3800 1376 3891 videntur,

465 3954 559 4039 §iim
575 3973 660 4053 vaga
680 3971 742 4050 per
763 3945 910 4022 nitidum
925 3944 1105 4021 scintillant
1121 3945 1249 4023 lumina
1264 3953 1456 4052 muudumr¹
