<?xml version="1.0" encoding="UTF-8"?>
<!DOCTYPE html PUBLIC "-//W3C//DTD XHTML 1.0 Transitional//EN"
    "http://www.w3.org/TR/xhtml1/DTD/xhtml1-transitional.dtd">
<html xmlns="http://www.w3.org/1999/xhtml" xml:lang="en" lang="en">
 <head>
  <title>
</title>
<meta http-equiv="Content-Type" content="text/html;charset=utf-8" />
  <meta name='ocr-system' content='tesseract 3.04.00' />
  <meta name='ocr-capabilities' content='ocr_page ocr_carea ocr_par ocr_line ocrx_word'/>
</head>
<body>
  <div class='ocr_page' id='page_1' title='image "./marcimaniliiast00cicegoog_0255.png"; bbox 0 0 3417 5075; ppageno 0'>
   <div class='ocr_carea' id='block_1_1' title="bbox 404 615 1241 702">
    <p class='ocr_par' dir='ltr' id='par_1_1' title="bbox 404 615 1241 702">
     <span class='ocr_line' id='line_1_1' title="bbox 404 615 1241 702; baseline -0.005 -12"><span class='ocrx_word' id='word_1_1' title='bbox 404 619 514 691; x_wconf 79' lang='lat'>202&#39;</span> <span class='ocrx_word' id='word_1_2' title='bbox 604 615 697 689; x_wconf 75' lang='lat' dir='ltr'>Lus</span> <span class='ocrx_word' id='word_1_3' title='bbox 730 616 1241 702; x_wconf 73' lang='lat' dir='ltr'>Asdaouourouas</span> 
     </span>
    </p>
   </div>
   <div class='ocr_carea' id='block_1_2' title="bbox 402 744 1351 892">
    <p class='ocr_par' dir='ltr' id='par_1_2' title="bbox 402 744 1351 892">
     <span class='ocr_line' id='line_1_2' title="bbox 402 744 1351 892; baseline -0.006 -27"><span class='ocrx_word' id='word_1_4' title='bbox 402 794 468 866; x_wconf 86' lang='lat' dir='ltr'>Per</span> <span class='ocrx_word' id='word_1_5' title='bbox 485 744 605 864; x_wconf 61' lang='lat' dir='ltr'>daciem</span> <span class='ocrx_word' id='word_1_6' title='bbox 626 817 827 888; x_wconf 84' lang='lat' dir='ltr'>nomenque</span> <span class='ocrx_word' id='word_1_7' title='bbox 848 791 946 866; x_wconf 87' lang='lat' dir='ltr'>suum</span> <span class='ocrx_word' id='word_1_8' title='bbox 961 820 972 876; x_wconf 91' lang='lat'>;</span> <span class='ocrx_word' id='word_1_9' title='bbox 989 816 1074 867; x_wconf 87' lang='lat' dir='ltr'>tum·</span> <span class='ocrx_word' id='word_1_10' title='bbox 1087 792 1236 892; x_wconf 89' lang='lat' dir='ltr'>ponitur</span> <span class='ocrx_word' id='word_1_11' title='bbox 1251 785 1351 861; x_wconf 82' lang='lat' dir='ltr'>usus:</span> 
     </span>
    </p>
   </div>
   <div class='ocr_carea' id='block_1_3' title="bbox 217 938 1383 3271">
    <p class='ocr_par' dir='ltr' id='par_1_3' title="bbox 404 938 1251 1038">
     <span class='ocr_line' id='line_1_3' title="bbox 404 938 1251 1038; baseline -0.005 -25"><span class='ocrx_word' id='word_1_12' title='bbox 404 939 506 1013; x_wconf 87' lang='lat' dir='ltr'>Tunc</span> <span class='ocrx_word' id='word_1_13' title='bbox 524 941 558 1012; x_wconf 78' lang='lat' dir='ltr'>dr</span> <span class='ocrx_word' id='word_1_14' title='bbox 578 940 685 1012; x_wconf 75' lang='lat' dir='ltr'>vinda</span> <span class='ocrx_word' id='word_1_15' title='bbox 707 939 772 1013; x_wconf 85' lang='lat' dir='ltr'>suis</span> <span class='ocrx_word' id='word_1_16' title='bbox 791 942 959 1015; x_wconf 86' lang='lat' dir='ltr'>formatur</span> <span class='ocrx_word' id='word_1_17' title='bbox 979 938 1108 1038; x_wconf 84' lang='lat' dir='ltr'>syllaba</span> <span class='ocrx_word' id='word_1_18' title='bbox 1128 938 1251 1013; x_wconf 82' lang='lat' dir='ltr'>nodis.</span> 
     </span>
    </p>

    <p class='ocr_par' dir='ltr' id='par_1_4' title="bbox 402 1084 1347 1188">
     <span class='ocr_line' id='line_1_4' title="bbox 402 1084 1347 1188; baseline -0.005 -26"><span class='ocrx_word' id='word_1_19' title='bbox 402 1090 495 1162; x_wconf 85' lang='lat' dir='ltr'>Hinc</span> <span class='ocrx_word' id='word_1_20' title='bbox 515 1087 615 1163; x_wconf 87' lang='lat' dir='ltr'>verbi</span> <span class='ocrx_word' id='word_1_21' title='bbox 632 1089 791 1162; x_wconf 72' lang='lat' dir='ltr'>strudura</span> <span class='ocrx_word' id='word_1_22' title='bbox 815 1091 911 1164; x_wconf 81' lang='lat' dir='ltr'>venit</span> <span class='ocrx_word' id='word_1_23' title='bbox 930 1115 993 1188; x_wconf 89' lang='lat' dir='ltr'>per</span> <span class='ocrx_word' id='word_1_24' title='bbox 1013 1088 1172 1160; x_wconf 89' lang='lat' dir='ltr'>membra</span> <span class='ocrx_word' id='word_1_25' title='bbox 1193 1084 1347 1187; x_wconf 86' lang='lat' dir='ltr'>legendi.</span> 
     </span>
    </p>

    <p class='ocr_par' dir='ltr' id='par_1_5' title="bbox 405 1228 1300 1336">
     <span class='ocr_line' id='line_1_5' title="bbox 405 1228 1300 1336; baseline -0.007 -23"><span class='ocrx_word' id='word_1_26' title='bbox 405 1238 505 1313; x_wconf 88' lang='lat' dir='ltr'>Tunc</span> <span class='ocrx_word' id='word_1_27' title='bbox 523 1263 641 1311; x_wconf 86' lang='lat' dir='ltr'>rerum</span> <span class='ocrx_word' id='word_1_28' title='bbox 661 1228 776 1325; x_wconf 67' lang='lat' dir='ltr'>vireu,</span> <span class='ocrx_word' id='word_1_29' title='bbox 797 1260 903 1336; x_wconf 88' lang='lat' dir='ltr'>atque</span> <span class='ocrx_word' id='word_1_30' title='bbox 923 1240 1003 1312; x_wconf 84' lang='lat' dir='ltr'>artis</span> <span class='ocrx_word' id='word_1_31' title='bbox 1025 1238 1166 1311; x_wconf 81' lang='lat' dir='ltr'>traditur</span> <span class='ocrx_word' id='word_1_32' title='bbox 1187 1235 1300 1328; x_wconf 85' lang='lat' dir='ltr'>usus3</span> 
     </span>
    </p>

    <p class='ocr_par' dir='ltr' id='par_1_6' title="bbox 217 1366 1383 1486">
     <span class='ocr_line' id='line_1_6' title="bbox 217 1366 1383 1486; baseline -0.006 -23"><span class='ocrx_word' id='word_1_33' title='bbox 217 1458 220 1463; x_wconf 87' lang='lat'><em>.</em></span> <span class='ocrx_word' id='word_1_34' title='bbox 304 1377 379 1460; x_wconf 79' lang='lat'>745</span> <span class='ocrx_word' id='word_1_35' title='bbox 401 1387 538 1483; x_wconf 88' lang='lat' dir='ltr'>Perque</span> <span class='ocrx_word' id='word_1_36' title='bbox 562 1386 673 1483; x_wconf 84' lang='lat' dir='ltr'>pedes</span> <span class='ocrx_word' id='word_1_37' title='bbox 697 1366 859 1486; x_wconf 81' lang='lat' dir='ltr'>proprios</span> <span class='ocrx_word' id='word_1_38' title='bbox 877 1386 1051 1462; x_wconf 84' lang='lat' dir='ltr'>nascentia</span> <span class='ocrx_word' id='word_1_39' title='bbox 1073 1387 1233 1459; x_wconf 88' lang='lat' dir='ltr'>carmina</span> <span class='ocrx_word' id='word_1_40' title='bbox 1261 1382 1383 1485; x_wconf 87' lang='lat' dir='ltr'>surgunt</span> 
     </span>
    </p>

    <p class='ocr_par' dir='ltr' id='par_1_7' title="bbox 315 1533 1375 2080">
     <span class='ocr_line' id='line_1_7' title="bbox 315 1533 1341 1634; baseline -0.003 -25"><span class='ocrx_word' id='word_1_41' title='bbox 315 1538 323 1553; x_wconf 91' lang='lat'>&#39;</span> <span class='ocrx_word' id='word_1_42' title='bbox 401 1533 614 1634; x_wconf 80' lang='lat' dir='ltr'>singulaque</span> <span class='ocrx_word' id='word_1_43' title='bbox 631 1537 667 1608; x_wconf 90' lang='lat' dir='ltr'>in</span> <span class='ocrx_word' id='word_1_44' title='bbox 687 1534 857 1608; x_wconf 87' lang='lat' dir='ltr'>summam</span> <span class='ocrx_word' id='word_1_45' title='bbox 876 1536 1015 1634; x_wconf 87' lang='lat' dir='ltr'>prodest</span> <span class='ocrx_word' id='word_1_46' title='bbox 1037 1534 1193 1608; x_wconf 74' lang='lat' dir='ltr'>didicisse</span> <span class='ocrx_word' id='word_1_47' title='bbox 1211 1535 1341 1634; x_wconf 87' lang='lat' dir='ltr'>priora.</span> 
     </span>
     <span class='ocr_line' id='line_1_8' title="bbox 403 1683 1339 1797; baseline 0.002 -43"><span class='ocrx_word' id='word_1_48' title='bbox 403 1684 497 1778; x_wconf 80' lang='lat' dir='ltr'>Quae</span> <span class='ocrx_word' id='word_1_49' title='bbox 518 1683 578 1756; x_wconf 86' lang='lat' dir='ltr'>nisr</span> <span class='ocrx_word' id='word_1_50' title='bbox 601 1684 809 1759; x_wconf 83' lang='lat' dir='ltr'>constiterint</span> <span class='ocrx_word' id='word_1_51' title='bbox 829 1685 948 1797; x_wconf 74' lang='lat' dir='ltr'>prirnis</span> <span class='ocrx_word' id='word_1_52' title='bbox 970 1683 1110 1783; x_wconf 77' lang='lat' dir='ltr'>fundata</span> <span class='ocrx_word' id='word_1_53' title='bbox 1130 1683 1339 1770; x_wconf 87' lang='lat' dir='ltr'>elementis,</span> 
     </span>
     <span class='ocr_line' id='line_1_9' title="bbox 403 1829 1375 1932; baseline -0.005 -26"><span class='ocrx_word' id='word_1_54' title='bbox 403 1829 474 1906; x_wconf 85' lang='lat' dir='ltr'>Vel</span> <span class='ocrx_word' id='word_1_55' title='bbox 495 1831 554 1903; x_wconf 90' lang='lat' dir='ltr'>sua</span> <span class='ocrx_word' id='word_1_56' title='bbox 576 1833 800 1929; x_wconf 74' lang='lat' dir='ltr'>praepropere</span> <span class='ocrx_word' id='word_1_57' title='bbox 822 1833 982 1919; x_wconf 72' lang='lat' dir='ltr'>dederint</span> <span class='ocrx_word' id='word_1_58' title='bbox 1007 1854 1186 1931; x_wconf 86' lang='lat' dir='ltr'>praecepta</span> <span class='ocrx_word' id='word_1_59' title='bbox 1213 1829 1375 1932; x_wconf 81' lang='lat' dir='ltr'>magistri,</span> 
     </span>
     <span class='ocr_line' id='line_1_10' title="bbox 405 1981 1246 2080; baseline -0.002 -24"><span class='ocrx_word' id='word_1_60' title='bbox 405 1981 530 2056; x_wconf 87' lang='lat' dir='ltr'>Effluat</span> <span class='ocrx_word' id='word_1_61' title='bbox 546 1983 581 2054; x_wconf 89' lang='lat' dir='ltr'>in</span> <span class='ocrx_word' id='word_1_62' title='bbox 601 2005 730 2056; x_wconf 85' lang='lat' dir='ltr'>vanum</span> <span class='ocrx_word' id='word_1_63' title='bbox 749 2005 864 2054; x_wconf 89' lang='lat' dir='ltr'>rerum</span> <span class='ocrx_word' id='word_1_64' title='bbox 882 1983 1112 2080; x_wconf 69' lang='lat' dir='ltr'>praeposterus</span> <span class='ocrx_word' id='word_1_65' title='bbox 1133 1982 1246 2056; x_wconf 87' lang='lat' dir='ltr'>ordo.</span> 
     </span>
    </p>

    <p class='ocr_par' dir='ltr' id='par_1_8' title="bbox 308 2127 1358 2824">
     <span class='ocr_line' id='line_1_11' title="bbox 308 2127 1358 2226; baseline -0.001 -24"><span class='ocrx_word' id='word_1_66' title='bbox 308 2142 384 2222; x_wconf 85' lang='lat'>750</span> <span class='ocrx_word' id='word_1_67' title='bbox 408 2131 466 2205; x_wconf 86' lang='lat' dir='ltr'>Sic</span> <span class='ocrx_word' id='word_1_68' title='bbox 493 2131 578 2202; x_wconf 88' lang='lat' dir='ltr'>mihi</span> <span class='ocrx_word' id='word_1_69' title='bbox 598 2154 663 2226; x_wconf 91' lang='lat' dir='ltr'>per</span> <span class='ocrx_word' id='word_1_70' title='bbox 682 2151 797 2203; x_wconf 87' lang='lat' dir='ltr'>totum</span> <span class='ocrx_word' id='word_1_71' title='bbox 817 2127 973 2204; x_wconf 80' lang='lat' dir='ltr'>volitanti</span> <span class='ocrx_word' id='word_1_72' title='bbox 993 2129 1143 2204; x_wconf 81' lang='lat' dir='ltr'>carmine</span> <span class='ocrx_word' id='word_1_73' title='bbox 1168 2127 1358 2215; x_wconf 83' lang='lat' dir='ltr'>mundum,</span> 
     </span>
     <span class='ocr_line' id='line_1_12' title="bbox 406 2275 1213 2380; baseline -0.01 -24"><span class='ocrx_word' id='word_1_74' title='bbox 406 2283 615 2375; x_wconf 87' lang='lat' dir='ltr'>Obrutaque</span> <span class='ocrx_word' id='word_1_75' title='bbox 635 2276 783 2352; x_wconf 72' lang='lat' dir='ltr'>abstrusa</span> <span class='ocrx_word' id='word_1_76' title='bbox 802 2280 940 2376; x_wconf 83' lang='lat' dir='ltr'>penitus</span> <span class='ocrx_word' id='word_1_77' title='bbox 956 2275 1101 2380; x_wconf 83' lang='lat' dir='ltr'>caligine</span> <span class='ocrx_word' id='word_1_78' title='bbox 1119 2276 1213 2363; x_wconf 78' lang='lat' dir='ltr'>fata,¹</span> 
     </span>
     <span class='ocr_line' id='line_1_13' title="bbox 404 2414 1280 2521; baseline 0.007 -25"><span class='ocrx_word' id='word_1_79' title='bbox 404 2414 579 2521; x_wconf 68' lang='lat' dir='ltr'>Pig‘ridum</span> <span class='ocrx_word' id='word_1_80' title='bbox 599 2427 749 2496; x_wconf 83' lang='lat' dir='ltr'>numeris</span> <span class='ocrx_word' id='word_1_81' title='bbox 769 2428 873 2499; x_wconf 86' lang='lat' dir='ltr'>etiam</span> <span class='ocrx_word' id='word_1_82' title='bbox 896 2425 1096 2514; x_wconf 81' lang='lat' dir='ltr'>modulata,</span> <span class='ocrx_word' id='word_1_83' title='bbox 1113 2429 1280 2514; x_wconf 79' lang='lat' dir='ltr'>canenti,</span> 
     </span>
     <span class='ocr_line' id='line_1_14' title="bbox 407 2571 1326 2686; baseline 0.009 -42"><span class='ocrx_word' id='word_1_84' title='bbox 407 2571 556 2686; x_wconf 69' lang='lat' dir='ltr'>Quaque</span> <span class='ocrx_word' id='word_1_85' title='bbox 574 2572 660 2646; x_wconf 84' lang='lat' dir='ltr'>deus</span> <span class='ocrx_word' id='word_1_86' title='bbox 673 2596 792 2675; x_wconf 84' lang='lat' dir='ltr'>regnat</span> <span class='ocrx_word' id='word_1_87' title='bbox 810 2576 990 2647; x_wconf 86' lang='lat' dir='ltr'>revocanti</span> <span class='ocrx_word' id='word_1_88' title='bbox 1008 2599 1139 2652; x_wconf 87' lang='lat' dir='ltr'>numen</span> <span class='ocrx_word' id='word_1_89' title='bbox 1155 2578 1201 2651; x_wconf 91' lang='lat' dir='ltr'>ab</span> <span class='ocrx_word' id='word_1_90' title='bbox 1220 2602 1326 2667; x_wconf 89' lang='lat' dir='ltr'>arce,</span> 
     </span>
     <span class='ocr_line' id='line_1_15' title="bbox 408 2705 1262 2824; baseline -0.001 -26"><span class='ocrx_word' id='word_1_91' title='bbox 408 2726 474 2798; x_wconf 71' lang='lat' dir='ltr'>uer</span> <span class='ocrx_word' id='word_1_92' title='bbox 490 2744 602 2821; x_wconf 88' lang='lat' dir='ltr'>partes</span> <span class='ocrx_word' id='word_1_93' title='bbox 620 2705 910 2810; x_wconf 69' lang='lat' dir='ltr'>ducenda&#39;fides,</span> <span class='ocrx_word' id='word_1_94' title='bbox 934 2725 970 2795; x_wconf 76' lang='lat' dir='ltr'>dr</span> <span class='ocrx_word' id='word_1_95' title='bbox 993 2721 1120 2824; x_wconf 77' lang='lat' dir='ltr'>singula</span> <span class='ocrx_word' id='word_1_96' title='bbox 1139 2743 1262 2797; x_wconf 87' lang='lat' dir='ltr'>rerum</span> 
     </span>
    </p>

    <p class='ocr_par' dir='ltr' id='par_1_9' title="bbox 313 2839 1373 3271">
     <span class='ocr_line' id='line_1_16' title="bbox 313 2839 1369 2973; baseline 0 -26"><span class='ocrx_word' id='word_1_97' title='bbox 313 2875 387 2970; x_wconf 76' lang='lat'>755</span> <span class='ocrx_word' id='word_1_98' title='bbox 411 2871 496 2947; x_wconf 88' lang='lat' dir='ltr'>Sunt</span> <span class='ocrx_word' id='word_1_99' title='bbox 509 2872 671 2973; x_wconf 86' lang='lat' dir='ltr'>gradibus</span> <span class='ocrx_word' id='word_1_100' title='bbox 690 2871 859 2945; x_wconf 82' lang='lat' dir='ltr'>tradenda</span> <span class='ocrx_word' id='word_1_101' title='bbox 874 2855 939 2944; x_wconf 83' lang='lat' dir='ltr'>suis</span> <span class='ocrx_word' id='word_1_102' title='bbox 954 2901 967 2965; x_wconf 87' lang='lat'>3</span> <span class='ocrx_word' id='word_1_103' title='bbox 981 2893 1019 2946; x_wconf 92' lang='lat' dir='ltr'>ut</span> <span class='ocrx_word' id='word_1_104' title='bbox 1038 2873 1118 2945; x_wconf 78' lang='lat' dir='ltr'>ciam</span> <span class='ocrx_word' id='word_1_105' title='bbox 1137 2876 1262 2947; x_wconf 87' lang='lat' dir='ltr'>omnia</span> <span class='ocrx_word' id='word_1_106' title='bbox 1279 2839 1369 2948; x_wconf 74' lang='lat' dir='ltr'>cerui</span> 
     </span>
     <span class='ocr_line' id='line_1_17' title="bbox 411 3019 1330 3119; baseline -0.002 -24"><span class='ocrx_word' id='word_1_107' title='bbox 411 3019 548 3095; x_wconf 78' lang='lat' dir='ltr'>Notitiai</span> <span class='ocrx_word' id='word_1_108' title='bbox 568 3020 741 3108; x_wconf 81' lang='lat' dir='ltr'>steterint,</span> <span class='ocrx_word' id='word_1_109' title='bbox 762 3022 926 3119; x_wconf 87' lang='lat' dir='ltr'>proprios</span> <span class='ocrx_word' id='word_1_110' title='bbox 946 3042 1154 3095; x_wconf 85' lang='lat' dir='ltr'>revocentur</span> <span class='ocrx_word' id='word_1_111' title='bbox 1171 3021 1219 3095; x_wconf 91' lang='lat' dir='ltr'>ad</span> <span class='ocrx_word' id='word_1_112' title='bbox 1237 3022 1330 3094; x_wconf 80' lang='lat' dir='ltr'>usus.</span> 
     </span>
     <span class='ocr_line' id='line_1_18' title="bbox 412 3166 1373 3271; baseline 0.001 -29"><span class='ocrx_word' id='word_1_113' title='bbox 412 3168 472 3242; x_wconf 85' lang='lat' dir='ltr'>Ac</span> <span class='ocrx_word' id='word_1_114' title='bbox 490 3166 587 3243; x_wconf 89' lang='lat' dir='ltr'>velut</span> <span class='ocrx_word' id='word_1_115' title='bbox 608 3169 644 3241; x_wconf 90' lang='lat' dir='ltr'>in</span> <span class='ocrx_word' id='word_1_116' title='bbox 665 3170 765 3243; x_wconf 88' lang='lat' dir='ltr'>nudis</span> <span class='ocrx_word' id='word_1_117' title='bbox 782 3172 864 3243; x_wconf 78' lang='lat' dir='ltr'>cum</span> <span class='ocrx_word' id='word_1_118' title='bbox 884 3168 1024 3271; x_wconf 84' lang='lat' dir='ltr'>surgunt</span> <span class='ocrx_word' id='word_1_119' title='bbox 1045 3168 1223 3243; x_wconf 77' lang='lat' dir='ltr'>montibus</span> <span class='ocrx_word' id='word_1_120' title='bbox 1246 3172 1373 3260; x_wconf 81' lang='lat' dir='ltr'>urbes;</span> 
     </span>
    </p>
   </div>
   <div class='ocr_carea' id='block_1_4' title="bbox 414 3312 1303 3403">
    <p class='ocr_par' dir='ltr' id='par_1_10' title="bbox 414 3312 1303 3403">
     <span class='ocr_line' id='line_1_19' title="bbox 414 3312 1303 3403; baseline 0.004 -16"><span class='ocrx_word' id='word_1_121' title='bbox 414 3312 612 3403; x_wconf 89' lang='lat' dir='ltr'>Conditor,</span> <span class='ocrx_word' id='word_1_122' title='bbox 629 3339 666 3390; x_wconf 92' lang='lat' dir='ltr'>ut</span> <span class='ocrx_word' id='word_1_123' title='bbox 682 3344 812 3394; x_wconf 87' lang='lat' dir='ltr'>vacuos</span> <span class='ocrx_word' id='word_1_124' title='bbox 828 3319 933 3389; x_wconf 88' lang='lat' dir='ltr'>muris</span> <span class='ocrx_word' id='word_1_125' title='bbox 951 3318 1168 3391; x_wconf 88' lang='lat' dir='ltr'>circumdare</span> <span class='ocrx_word' id='word_1_126' title='bbox 1195 3315 1303 3393; x_wconf 81' lang='lat' dir='ltr'>colles</span> 
     </span>
    </p>
   </div>
   <div class='ocr_carea' id='block_1_5' title="bbox 357 3583 1188 3784">
    <p class='ocr_par' dir='ltr' id='par_1_11' title="bbox 357 3583 1188 3784">
     <span class='ocr_line' id='line_1_20' title="bbox 357 3583 1188 3665; baseline 0.007 -21"><span class='ocrx_word' id='word_1_127' title='bbox 357 3639 362 3650; x_wconf 92' lang='grc'>,</span> <span class='ocrx_word' id='word_1_128' title='bbox 456 3583 496 3644; x_wconf 87' lang='lat' dir='ltr'>V.</span> <span class='ocrx_word' id='word_1_129' title='bbox 514 3606 584 3657; x_wconf 82' lang='lat'><strong>74¹·</strong></span> <span class='ocrx_word' id='word_1_130' title='bbox 604 3586 666 3647; x_wconf 90' lang='lat' dir='ltr'>Hic</span> <span class='ocrx_word' id='word_1_131' title='bbox 682 3588 776 3646; x_wconf 82' lang='lat' dir='ltr'>versus</span> <span class='ocrx_word' id='word_1_132' title='bbox 791 3585 918 3648; x_wconf 86' lang='lat' dir='ltr'>Bentleio</span> <span class='ocrx_word' id='word_1_133' title='bbox 937 3586 1042 3665; x_wconf 88' lang='lat' dir='ltr'>spurius</span> <span class='ocrx_word' id='word_1_134' title='bbox 1059 3588 1188 3650; x_wconf 86' lang='lat' dir='ltr'>habetur.</span> 
     </span>
     <span class='ocr_line' id='line_1_21' title="bbox 458 3696 1113 3784; baseline 0.005 -24"><span class='ocrx_word' id='word_1_135' title='bbox 458 3696 499 3760; x_wconf 83' lang='lat' dir='ltr'>V.</span> <span class='ocrx_word' id='word_1_136' title='bbox 521 3702 599 3771; x_wconf 82' lang='lat'><strong>748.</strong></span> <span class='ocrx_word' id='word_1_137' title='bbox 620 3716 689 3768; x_wconf 86' lang='lat'>749.</span> <span class='ocrx_word' id='word_1_138' title='bbox 709 3696 757 3757; x_wconf 89' lang='lat' dir='ltr'>Sic</span> <span class='ocrx_word' id='word_1_139' title='bbox 774 3697 802 3757; x_wconf 86' lang='lat' dir='ltr'>se</span> <span class='ocrx_word' id='word_1_140' title='bbox 823 3698 929 3760; x_wconf 86' lang='lat' dir='ltr'>habent</span> <span class='ocrx_word' id='word_1_141' title='bbox 948 3703 1021 3779; x_wconf 86' lang='lat' dir='ltr'>apud</span> <span class='ocrx_word' id='word_1_142' title='bbox 1042 3701 1113 3784; x_wconf 86' lang='lat' dir='ltr'>Reg.</span> 
     </span>
    </p>
   </div>
   <div class='ocr_carea' id='block_1_6' title="bbox 485 3810 1202 3970">
    <p class='ocr_par' dir='ltr' id='par_1_12' title="bbox 485 3810 1202 3970">
     <span class='ocr_line' id='line_1_22' title="bbox 485 3810 1202 3883; baseline 0 -17"><span class='ocrx_word' id='word_1_143' title='bbox 485 3810 596 3866; x_wconf 83' lang='lat' dir='ltr'>Perdunt</span> <span class='ocrx_word' id='word_1_144' title='bbox 610 3828 664 3879; x_wconf 81' lang='lat' dir='ltr'>quae</span> <span class='ocrx_word' id='word_1_145' title='bbox 680 3812 782 3879; x_wconf 62' lang='lat' dir='ltr'>proper&amp;</span> <span class='ocrx_word' id='word_1_146' title='bbox 799 3811 915 3865; x_wconf 87' lang='lat' dir='ltr'>dederint</span> <span class='ocrx_word' id='word_1_147' title='bbox 932 3832 1051 3883; x_wconf 70' lang='lat' dir='ltr'>precepta</span> <span class='ocrx_word' id='word_1_148' title='bbox 1066 3818 1202 3883; x_wconf 77' lang='lat' dir='ltr'>magistri,·</span> 
     </span>
     <span class='ocr_line' id='line_1_23' title="bbox 486 3910 836 3970; baseline -0.003 -5"><span class='ocrx_word' id='word_1_149' title='bbox 486 3917 517 3965; x_wconf 83' lang='lat' dir='ltr'>Et</span> <span class='ocrx_word' id='word_1_150' title='bbox 538 3911 596 3965; x_wconf 86' lang='lat' dir='ltr'>fluet</span> <span class='ocrx_word' id='word_1_151' title='bbox 615 3910 641 3961; x_wconf 86' lang='lat' dir='ltr'>in</span> <span class='ocrx_word' id='word_1_152' title='bbox 660 3927 766 3970; x_wconf 80' lang='lat' dir='ltr'>vanum,</span> <span class='ocrx_word' id='word_1_153' title='bbox 787 3918 836 3964; x_wconf 83' lang='lat' dir='ltr'>&amp;c.</span> 
     </span>
    </p>
   </div>
   <div class='ocr_carea' id='block_1_7' title="bbox 458 4010 1333 4099">
    <p class='ocr_par' dir='ltr' id='par_1_13' title="bbox 458 4010 1333 4099">
     <span class='ocr_line' id='line_1_24' title="bbox 458 4010 1333 4099; baseline 0.01 -27"><span class='ocrx_word' id='word_1_154' title='bbox 458 4012 713 4077; x_wconf 71' lang='lat' dir='ltr'>Hancledionem</span> <span class='ocrx_word' id='word_1_155' title='bbox 733 4010 904 4075; x_wconf 78' lang='lat' dir='ltr'>Bentleianae</span> <span class='ocrx_word' id='word_1_156' title='bbox 923 4035 980 4076; x_wconf 90' lang='lat' dir='ltr'>non</span> <span class='ocrx_word' id='word_1_157' title='bbox 997 4014 1069 4099; x_wconf 70' lang='lat' dir='ltr'>egre</span> <span class='ocrx_word' id='word_1_158' title='bbox 1090 4037 1333 4097; x_wconf 78' lang='lat' dir='ltr'>praeponeremns.</span> 
     </span>
    </p>
   </div>
   <div class='ocr_carea' id='block_1_8' title="bbox 0 0 1714 5075">
    <p class='ocr_par' dir='ltr' id='par_1_14' title="bbox 0 0 1714 5075">
     <span class='ocr_line' id='line_1_25' title="bbox 0 0 1714 5075; baseline 0 6"><span class='ocrx_word' id='word_1_159' title='bbox 0 0 1714 5075; x_wconf 95' lang='lat' dir='ltr'> </span> 
     </span>
    </p>
   </div>
  </div>
 </body>
</html>
