3417 5075
467 659 535 717 126
650 640 1329 733 Lrs‘Asruortorerurts·

463 816 663 920 Ingenium,
687 810 939 909 volucremque
964 813 1142 884 animum?
1167 832 1278 906 quem
1309 800 1460 903 denique

654 962 691 1033 in
710 985 820 1032 unum

459 1107 649 1183 Descendit
670 1108 757 1181 deus
775 1128 881 1206 atque
900 1107 1050 1194 habitat,
1071 1103 1176 1202 seque
1194 1101 1269 1201 ipse
1290 1054 1457 1197 requiritl¹

458 1254 563 1329 Mitto
583 1246 671 1328 alias¹
684 1276 774 1327 artes
797 1279 944 1353 quarum
965 1254 1059 1325 haud
1079 1247 1238 1351 permissa
1255 1244 1431 1339 facultas,

457 1401 587 1477 Insidas
602 1404 716 1493 adeo,
735 1429 802 1478 nec
818 1403 922 1476 nostri
944 1421 1086 1475 munera
1111 1398 1245 1472 census.

360 1560 436 1620 '110
461 1553 592 1641 Mitto,
612 1552 710 1651 quod
726 1549 850 1650 aequali
868 1550 953 1624 nihil
973 1552 1020 1624 est
1037 1551 1100 1624 sub
1121 1548 1200 1652 lege
1220 1549 1409 1622 tributum.

458 1703 589 1788 Mitto,
612 1701 709 1799 quod
730 1705 766 1774 dt
779 1725 924 1795 ,certum
953 1703 1019 1790 ell,
1046 1703 1082 1772 dr
1105 1695 1307 1774 inevitabile
1330 1693 1454 1777 satumt

459 1853 688 1946 Materiaeque
706 1851 827 1923 datum
847 1853 895 1924 est
913 1853 1019 1952 cogi,
1042 1852 1102 1924 sed
1122 1873 1252 1951 cogere
1276 1845 1428 1919 mundo.

423 2078 427 2089 ,
456 2000 546 2092 Quis
563 1995 693 2070 coelum
713 1994 843 2095 posset,
866 1997 923 2068 nist
943 1998 1033 2094 coeli
1045 2024 1212 2085 munere,
1229 1993 1363 2070 nosse?

457 2147 504 2221 Et
531 2147 682 2245 reperire
702 2140 833 2238 deum,
853 2143 913 2217 nisr
929 2118 989 2242 qui
1004 2170 1080 2243 pars
1101 2145 1175 2242 ipse
1190 2143 1348 2216 deorum
1366 2134 1439 2216 estl

367 2312 435 2389 115
454 2293 585 2386 Quisve
606 2297 697 2367 hanc
718 2252 873 2372 convexi
892 2292 1025 2368 molem
1045 2293 1114 2366 fine
1134 2291 1203 2366 fine
1226 2293 1402 2389 patentis,

335 2460 338 2466 ‘
454 2441 710 2540 signorumque
732 2444 884 2529 choros,
906 2465 947 2512 ac
969 2444 1089 2513 mundi
1108 2444 1270 2513 flammea
1296 2441 1409 2528 tedia,

343 2597 346 2608 '
454 2589 641 2663 AEternum
660 2588 813 2663 &stellis
834 2590 997 2664 adversius
1018 2588 1127 2663 srdera
1143 2586 1278 2663 bellum

451 2741 632 2828 Cernere,
658 2744 693 2815 ἃ
711 2739 852 2843 angusto
872 2741 934 2817 sub
953 2743 1093 2839 pedore
1113 2718 1277 2813 claudere
1299 2736 1413 2837 posset
1420 2761 1433 2829 3

408 3083 411 3088 '
457 3102 515 3142 non
537 3080 612 3159 polle
630 3082 789 3159 subaudiri,
808 3085 977 3165 versumque
998 3086 1206 3147 emendandum
1223 3082 1326 3162 probat
1343 3081 1379 3144 Β.
1397 3078 1449 3142 set

456 3195 620 3276 quomodo?
640 3172 802 3258 Harioluri
811 3196 861 3256 lic
876 3199 985 3268 liceat,
1006 3197 1113 3277 inquit,
1132 3204 1159 3259 dt
1178 3197 1225 3258 dat
1238 3218 1249 3275 3
1260 3199 1320 3268 Cui
1332 3198 1452 3259 xenium

456 3326 572 3387 natura,
591 3316 647 3373 dcc.
664 3309 792 3385 Mirum,
818 3310 838 3369 si
857 3310 894 3369 fic
915 3310 990 3370 dedit
1004 3310 1147 3373 Manilius.

496 3423 559 3485 Post
577 3445 605 3488 v.
627 3401 704 3501 tio,
720 3422 785 3484 libri
803 3437 910 3484 veteres
928 3423 1004 3483 hunc
1016 3421 1121 3484 habent
1135 3422 1267 3487 versum:

521 3537 599 3598 Quod
617 3555 683 3604 patet
697 3542 805 3589 auctores
825 3540 919 3590 summa
937 3538 998 3595 (vel
1008 3537 1117 3605 summi)
1137 3554 1188 3589 non
1201 3540 1312 3606 corporis
1330 3539 1388 3593 else.

458 3635 547 3697 Hunc
565 3657 623 3698 rec.
643 3656 840 3716 correxerunt,
862 3638 1017 3700 Bullialdus
1043 3638 1102 3719 posi
1116 3659 1146 3703 u.
1169 3659 1223 3700 ιη
1240 3640 1397 3716 transulit,
1415 3639 1453 3707 Βδ

443 3751 518 3842 jure
534 3749 709 3834 proscripsit,
729 3760 755 3814 &
774 3775 824 3814 nos
843 3752 1005 3816 omittimus.

497 3869 560 3933 Poll
576 3890 606 3933 u·
622 3887 696 3945 117,
715 3867 804 3929 rursus
826 3869 945 3931 occurrit
964 3892 993 3931 v.
1008 3871 1150 3953 scaligero
1168 3877 1195 3931 &
1213 3871 1246 3936 B.
1265 3870 1383 3957 spurius·

445 3991 450 4022 ³
522 3988 563 4039 Ac
577 4002 651 4044 terras
664 3985 776 4055 coloque
791 3983 903 4048 fretum,
923 3986 1077 4054 subitdaque
1093 3986 1208 4056 utrisque·
