3417 5075
370 624 378 637 ·
475 613 538 698 ιιι
646 603 1375 717 «ῑιιᾉιτιοιιριιιρυιιι,
1500 642 1501 675 ;

518 781 592 856 Sed
610 779 634 854 fi
652 780 727 878 quis
746 802 930 858 contentus
946 784 1010 857 erit
1021 754 1223 860 'numeraffe
1242 783 1430 884 quadrata,

371 942 447 1021 290
471 927 628 1007 Divisum
652 947 691 999 ut
709 926 808 1027 fignis
830 932 1000 1004 mundum
1020 952 1121 1030 putet
1142 929 1212 1008 effe
1231 935 1406 1032 quaternis
1417 983 1432 1026 ⁸

466 1079 543 1156 Aut
562 1076 624 1148 tria
645 1040 708 1148 sub
730 1073 843 1171 quinis
862 1074 961 1178 liguis
983 1071 1135 1152 formare
1154 1081 1333 1181 trigonum
1343 1135 1372 1179 ,f

467 1224 519 1299 Ut
541 1222 759 1300 socias'vires
782 1225 820 1296 dr
839 1225 973 1299 amicos
992 1225 1107 1324 exigat
1124 1247 1242 1317 ortus,

462 1330 684 1469 Foedeiaque
704 1372 856 1449 inveniat
877 1372 1000 1445 mundi
1020 1393 1170 1472 cognata
1193 1398 1258 1472 per
1279 1374 1365 1449 astra
1376 1403 1392 1468 ς
1454 1470 1458 1479 Ι

462 1515 580 1593 Falsus
602 1518 677 1593 erit.
695 1514 791 1592 Ndm
811 1519 915 1618 quina
933 1514 1017 1593 licet
1035 1518 1098 1592 {int
1112 1520 1268 1618 undique
1287 1523 1407 1624 figna,

364 1663 440 1746 '295
462 1668 537 1763 Qui
560 1690 678 1741 tamen
699 1691 743 1743 ex
760 1667 886 1768 lignis,
909 1689 990 1766 quae
1010 1669 1135 1766 quinto
1148 1693 1294 1768 quoque
1313 1666 1460 1748 fenum

460 1817 561 1889 Posta
581 1817 684 1906 loco,
704 1819 830 1891 fuerint
850 1818 942 1906 nati,
968 1817 1093 1894 sentire
1111 1817 1239 1920 trigoni

336 1950 340 1957 ’
461 1963 551 2037 Νοιι
573 1984 739 2062 poterunt
763 1965 875 2052 vires,
892 1962 975 2036 licet
997 1962 1085 2047 illud
1105 1967 1249 2039 nomine
1275 1948 1439 2049 servent:

435 2144 438 2149 ’
462 2109 625 2187 Amisere
651 2109 734 2185 loco
754 2112 882 2200 dotes,
902 2111 1121 2210 numerisque
1146 2134 1362 2212 repugnant.

464 2258 560 2330 Nam
582 2262 661 2330 edm
682 2257 745 2331 smt
762 2281 876 2356 partes
899 2259 994 2334 orbis
1017 2285 1081 2359 per
1098 2258 1189 2361 figna
1215 2279 1390 2333 trecentae

366 2417 442 2502 300
465 2408 511 2479 Et
528 2428 581 2479 ter
603 2408 762 2496 uicen'ae,
788 2432 872 2503 quas
891 2410 1020 2483 Phoebi
1038 2409 1158 2480 circuit
1179 2406 1289 2480 ardor
1300 2433 1316 2497 3

465 2552 586 2628 Tertia
605 2578 683 2650 pars
704 2560 778 2652 ejus
797 2555 933 2636 numeri
952 2552 1041 2626 latus
1060 2554 1167 2627 efficit
1189 2578 1304 2625 unum

465 2703 508 2778 In
532 2726 600 2777 tres
621 2700 777 2801 perdudi
796 2683 912 2798 prutes
928 2722 992 2799 per
1013 2698 1104 2801 figna
1122 2702 1262 2801 trigoni.

465 2851 570 2923 Hanc
591 2872 710 2951 autem
728 2853 863 2924 numeri
888 2872 962 2921 non
981 2846 1097 2921 reddit
1117 2844 1207 2920 linea
1227 2844 1422 2941 summam,

469 2998 507 3070 Si
525 2997 654 3093 signum
675 2996 832 3095 tfigno,
855 3022 928 3070 non
951 2985 1075 3093 parsi
1090 3016 1189 3095 parte
1210 3016 1376 3071 notetur:

370 3165 446 3247 305
471 3143 596 3237 Qubd,
608 3146 764 3241 q'uamvis
777 3145 849 3216 duo
863 3144 960 3229 sunt,
978 3145 1083 3216 ternis
1098 3144 1355 3234 dirimentibus,
1367 3143 1466 3244 estrat

471 3293 509 3369 Si
527 3315 644 3366 tamen
665 3250 858 3363 errtr'emum
882 3288 963 3364 laevi
983 3291 1206 3389 primumque
1227 3294 1353 3390 prioris

472 3438 568 3513 Inter
588 3438 625 3513 se
647 3437 807 3512 conferre
823 3435 946 3526 voles,
967 3462 1222 3535 numerumque
1243 3461 1395 3531 notare;
1494 3455 1498 3460 ·

472 3585 546 3659 Ter
563 3588 819 3691 quinquagenas
833 3584 1031 3685 implebunt
1048 3586 1173 3659 ordine
1190 3606 1331 3681 partes:

468 3697 641 3809 Traulibit
658 3756 820 3807 numerus
841 3732 1018 3822 formam,
1037 3733 1191 3832 finesque
1213 3728 1388 3830 sequentis

371 3895 452 3983 310
475 3881 667 3960 Consumet
685 3879 814 3963 duetus.
833 3880 934 3959 Licet
953 3904 1039 3983 ergo
1059 3880 1149 3984 signa
1172 3878 1307 3979 trigona
