3417 5075
429 687 509 769 9⁸·
615 683 708 753 trs
738 681 1230 774 Asnaouonrquus

408 910 411 915 ,
434 848 607 953 Quicquid
610 859 731 952 ubique
740 860 1153 958 nitet,vigeutquurzdoque
1164 853 1409 965 notandumest.

427 1005 512 1080 Sunt
528 1003 659 1077 etenim
685 1005 766 1109 raris
791 1007 858 1078 orti
877 1006 1044 1083 natalibus
1063 1010 1160 1111 ignes

423 1149 518 1226 Aisa
535 1178 600 1251 per
618 1134 814 1252 liquidum:
833 1156 1001 1255 natosque
1023 1161 1135 1257 perire
1157 1183 1320 1234 cometas

320 1318 398 1397 (790
420 1300 602 1391 Protinus,
620 1304 655 1375 ἃ
680 1304 805 1400 raptim
824 1303 952 1379 subitas
972 1306 1179 1381 candescere
1200 1310 1361 1381 flammas
1372 1358 1386 1403 2

415 1448 509 1523 Rara
536 1476 602 1549 per
621 1452 778 1552 ingentes
802 1453 963 1527 viderunt
978 1453 1103 1529 saecula
1125 1478 1256 1529 motus.

414 1603 498 1677 Sive
520 1601 642 1700 quad,
670 1603 862 1705 ingenitum
885 1604 974 1680 terri
996 1603 1143 1704 spirante
1165 1630 1362 1705 vaporem,

370 1798 384 1810 x
410 1752 604 1825 Humidior
627 1753 716 1831 sicca
737 1753 917 1850 superatur
935 1753 1069 1852 spiritus
1095 1755 1189 1826 aurai.

324 1881 328 1886 ⁸
410 1895 543 1973 Nubila
561 1899 641 1971 clun
662 1897 769 1999 longo
794 1899 922 2008 cessant
943 1889 1088 1996 depulsa
1113 1897 1263 1992 seren0,

308 2047 384 2128 795
411 2048 457 2122 Et
478 2016 565 2121 solis⁴
580 2046 682 2119 radiis
699 2045 819 2118 arescit
838 2045 986 2117 torridus
1010 2046 1088 2133 aer,

373 2231 375 2238 ⁴
406 2196 504 2292 Apta
528 2191 766 2267 alimenta-fibi
785 2190 937 2265 dimissus
958 2195 1100 2292 corripit
1116 2194 1228 2293 ignis,

404 2341 658 2435 Materiemque
681 2337 732 2412 sui
750 2340 937 2434 deprendit
957 2342 1097 2413 flamma
1123 2364 1307 2437 capacem.

403 2486 449 2561 Et
467 2486 547 2581 quia
565 2509 637 2558 non
652 2481 802 2562 solidum
821 2485 869 2559 est
892 2511 1045 2586 corpur,
1064 2487 1125 2561 sed
1141 2511 1215 2561 rara
1238 2511 1403 2593 vagantur

361 2663 375 2678 *
401 2636 574 2735 Principia
596 2633 777 2725 aurarum,
800 2636 1005 2736 volucrique
1023 2633 1190 2712 simillima
1214 2640 1344 2732 furno,

305 2769 382 2846 800
403 2786 446 2862 In
468 2788 577 2863 breve
603 2787 690 2865 vivit
713 2812 826 2885 opus,
848 2787 885 2859 ἃ
901 2808 1019 2885 coepta
1042 2788 1203 2860 incendia
1229 2788 1342 2863 linem

400 2938 619 3034 Accipiunt,
643 2939 842 3036 pariterque
862 2939 989 3012 cadunt
1014 2936 1214 3039 fulgentque
1235 2961 1401 3017 cometae·

441 3246 482 3310 V.
501 3251 569 3317 787.
588 3244 625 3304 Et
641 3211 687 3302 hic
704 3240 799 3305 verfirs
818 3240 945 3301 Bentleio
962 3241 1069 3319 spurius
1089 3244 1139 3307 est.

438 3362 482 3424 V.
504 3366 561 3423 800
584 3364 610 3419 &
632 3364 699 3419 801.
718 3358 761 3418 Ita
783 3353 823 3419 G.
844 3356 881 3418 L.
901 3356 1074 3417 &nonnulli
1095 3380 1151 3422 rec,
1173 3360 1223 3420 nili
1248 3362 1327 3443 quid
1346 3384 1395 3443 pro

398 3486 429 3547 ὃ
447 3504 548 3565 caepra
566 3478 633 3539 dant
643 3498 819 3562 emptaque,
834 3480 861 3536 δι
879 3495 929 3553 pro
944 3477 1112 3557 Accipiunt
1123 3522 1132 3550 ‚
1143 3474 1248 3537 habent
1260 3528 1269 3556 ,
1283 3482 1399 3564 Snbsts-

394 3618 473 3661 tunt.
485 3594 563 3665 Alii,
588 3614 739 3677 captoque
755 3590 884 3652 incendia
896 3590 964 3671 fine
982 3590 1150 3667 Subfillunt‚
1169 3590 1326 3674 pariterque
1344 3614 1397 3654 ca·

395 3714 484 3789 (lunt,
499 3713 643 3797 fulgente
667 3706 811 3773 Cometa.-
833 3707 907 3788 quod
933 3708 993 3788 quis
1014 3707 1137 3787 OEdipus
1152 3708 1329 3770 enodaverit?
1355 3706 1394 3773 Β.

396 3836 528 3916 citraque
553 3825 682 3887 incendia
715 3829 803 3886 limen
827 3824 997 3897 Sublissunt,
1020 3823 1175 3902 pariterque
1204 3824 1308 3886 cadunt
1318 3824 1394 3904 surr·

375 3985 377 3990 -
394 3937 532 4031 girmque
543 3941 676 4004 Cometae.
690 3939 768 4020 Quin
780 3938 852 4000 hanc
869 3936 1016 3998 restionem
1028 3935 1122 3996 nostre
1134 3935 1290 4014 anteferas,
1304 3936 1338 4001 B.
1354 3935 1397 4017 L,

395 4081 453 4125 non
471 4076 632 4146 moramur..
