3417 5075
416 682 418 687 -
468 643 513 707 tt
652 634 742 709 Lus
773 606 1256 720 Asrrouomqurs

463 809 571 884 Hunc
585 829 677 883 tenet
698 806 718 879 ὲ
733 788 871 879 summo
890 832 1037 896 cancer,
1053 809 1277 905 capricornus
1292 809 1340 882 ab
1363 809 1465 908 imog

361 938 436 1038 650
461 956 522 1032 Bis
547 956 667 1052 recipit
683 953 799 1047 lucem
819 958 879 1054 qui
899 956 1044 1030 circulus
1063 978 1179 1054 aequat
1202 957 1237 1029 dr
1259 958 1435 1052 umbras,

458 1103 615 1205 Lanigeri
635 1106 671 1176 ἃ
691 1101 791 1180 librae
815 1071 911 1206 signu
936 1103 995 1177 sua
1014 1104 1072 1178 fila
1084 1103 1281 1195 secantem.

456 1257 514 1331 Sic
532 1224 597 1352 per
620 1276 690 1329 tres
707 1279 815 1357 gyros
836 1256 982 1328 iuflexus
1008 1257 1147 1330 ducitur
1168 1259 1285 1346 orbis,

427 1430 430 1435 ·
454 1400 631 1499 Redaque
650 1403 790 1477 deflexo
814 1390 899 1477 fallit
921 1404 1062 1505 vestigia
1081 1401 1188 1477 cliv0.

379 1546 383 1555 ’
417 1618 419 1623 .
454 1552 537 1627 Nec
547 1551 646 1660 'visus
665 1554 849 1651 aciemque
870 1522 1204 1656 fugientiumque
1224 1557 1339 1629 notari

329 1684 429 1801 x655
455 1695 579 1773 Mente
595 1699 730 1798 potest,
759 1698 845 1775 srcut
869 1723 1055 1776 cernuntur
1074 1724 1192 1776 mente
1216 1702 1372 1801 priores.

452 1846 528 1922 Sed
543 1847 628 1920 nitet
646 1849 778 1951 ingenti
797 1847 946 1924 stellatus
966 1849 1102 1926 balteus
1127 1851 1239 1939 orbe,

464 1994 704 2097 Insignemque
733 1999 814 2072 facit
834 1987 959 2076 caelato
977 1999 1110 2075 lumine
1130 1999 1335 2090 mundum,

415 2174 417 2179 ·
454 2147 502 2222 Et
525 2168 578 2220 ter
596 2148 735 2223 vicenas
754 2172 871 2253 partes
892 2171 989 2248 patet
1010 2171 1117 2246 atque
1142 2169 1316 2222 trecentas
1383 2178 1385 2183 ·

455 2291 499 2368 In
516 2291 685 2396 longum:
718 2294 772 2368 bis
792 2293 851 2371 sex
874 2293 1005 2385 latescit
1025 2262 1128 2370 fascia
1145 2316 1286 2395 partes,

361 2431 438 2508 660
460 2444 552 2539 Quae
577 2414 721 2517 cohibet
741 2444 838 2520 vario
858 2442 1011 2517 labentia
1031 2443 1142 2518 fidera
1161 2442 1275 2518 cursu.

374 2522 384 2622 i

426 2657 429 2664 ,
509 2570 614 2666 Alter
634 2592 668 2664 in
692 2591 874 2668 adversum
890 2591 1027 2704 ¹posrtus
1054 2590 1208 2666 succedit
1230 2592 1277 2665 ad
1294 2593 1432 2695 ardus]

462 2738 510 2812 Et
533 2739 675 2838 paulum
699 2739 719 2813 ὲ
741 2741 862 2816 boreae
881 2763 970 2840 gyro
989 2740 1047 2815 sua
1072 2738 1131 2815 fila
1150 2739 1316 2831 reducit,
1382 2722 1384 2726 ¹

464 2885 670 2984 Tranfitque
693 2889 837 2967 iuversae
860 2899 923 2989 per
941 2889 1050 2963 sidera
1066 2851 1260 2987 Casfiepiae.

465 3028 556 3111 Inde
577 3062 641 3135 per
663 3037 846 3133 obliquum
867 3036 1106 3121 descendens,
1122 3036 1228 3137 tangit
1245 3015 1409 3132 olorem}

368 3182 685 3286 665·AEstivosque
707 3186 798 3260 secat
820 3185 930 3281 fines,
952 3185 1170 3284 aquilamque
1188 3187 1367 3285 supinam,

466 3341 720 3439 Temporaque
733 3359 928 3434 aequantem
942 3361 1065 3436 gyrum
1070 3339 1458 3433 ‚zonamquefereutem

467 3488 559 3565 Solis
577 3513 712 3585 equos,
730 3487 818 3561 inter
837 3486 1006 3575 caudam,
1027 3484 1096 3583 quai
1115 3485 1269 3583 scorpius
1287 3488 1410 3580 ardet,

470 3637 742 3733 Extremumque
764 3636 911 3736 sagittari
930 3637 1056 3711 laevam
1065 3687 1078 3725 ,
1099 3656 1204 3732 atque
1223 3632 1391 3733 sagittam.

470 3784 559 3861 Inde
575 3783 654 3857 suos
670 3783 778 3858 smuat
800 3786 909 3859 flexus
929 3809 992 3883 per
1014 3809 1112 3858 crura
1133 3781 1311 3883 pedesque

375 3924 451 4031 '679
473 3936 639 4012 Centauri
657 3932 792 4009 alterius
803 3960 816 4028 3
840 3933 1019 4035 rursusque
1035 3933 1222 4008 ascendere
1243 3932 1378 4017 coelum
