<?xml version="1.0" encoding="UTF-8"?>
<!DOCTYPE html PUBLIC "-//W3C//DTD XHTML 1.0 Transitional//EN"
    "http://www.w3.org/TR/xhtml1/DTD/xhtml1-transitional.dtd">
<html xmlns="http://www.w3.org/1999/xhtml" xml:lang="en" lang="en">
 <head>
  <title>
</title>
<meta http-equiv="Content-Type" content="text/html;charset=utf-8" />
  <meta name='ocr-system' content='tesseract 3.04.00' />
  <meta name='ocr-capabilities' content='ocr_page ocr_carea ocr_par ocr_line ocrx_word'/>
</head>
<body>
  <div class='ocr_page' id='page_1' title='image "./marcimaniliiast00cicegoog_0065.png"; bbox 0 0 3417 5075; ppageno 0'>
   <div class='ocr_carea' id='block_1_1' title="bbox 321 623 1241 720">
    <p class='ocr_par' dir='ltr' id='par_1_1' title="bbox 321 612 1298 720">
     <span class='ocr_line' id='line_1_1' title="bbox 321 623 1241 720; baseline 0.01 -21"><span class='ocrx_word' id='word_1_1' title='bbox 321 653 330 667; x_wconf 52' lang='lat'>⁸</span> <span class='ocrx_word' id='word_1_2' title='bbox 436 655 479 700; x_wconf 81' lang='lat' dir='ltr'>ro</span> <span class='ocrx_word' id='word_1_3' title='bbox 618 623 1241 720; x_wconf 75' lang='lat' dir='ltr'>LusAsruouorr&#39;rours</span> 
     </span>
    </p>
   </div>
   <div class='ocr_carea' id='block_1_2' title="bbox 304 785 1441 1356">
    <p class='ocr_par' dir='ltr' id='par_1_2' title="bbox 348 785 1370 1055">
     <span class='ocr_line' id='line_1_2' title="bbox 361 785 1273 905; baseline 0.01 -31"><span class='ocrx_word' id='word_1_4' title='bbox 361 785 412 860; x_wconf 67' lang='lat'>30</span> <span class='ocrx_word' id='word_1_5' title='bbox 435 802 581 877; x_wconf 70' lang='lat' dir='ltr'>Sednda</span> <span class='ocrx_word' id='word_1_6' title='bbox 610 803 773 898; x_wconf 86' lang='lat' dir='ltr'>invarias</span> <span class='ocrx_word' id='word_1_7' title='bbox 792 827 964 879; x_wconf 80' lang='lat' dir='ltr'>certarunt</span> <span class='ocrx_word' id='word_1_8' title='bbox 987 808 1126 905; x_wconf 71' lang='lat' dir='ltr'>pedore</span> <span class='ocrx_word' id='word_1_9' title='bbox 1145 833 1273 902; x_wconf 82' lang='lat' dir='ltr'>curas3</span> 
     </span>
     <span class='ocr_line' id='line_1_3' title="bbox 348 932 1370 1055; baseline 0.007 -32"><span class='ocrx_word' id='word_1_10' title='bbox 348 941 349 945; x_wconf 55' lang='grc'>’</span> <span class='ocrx_word' id='word_1_11' title='bbox 429 951 476 1024; x_wconf 86' lang='lat' dir='ltr'>Et</span> <span class='ocrx_word' id='word_1_12' title='bbox 500 948 750 1048; x_wconf 90' lang='lat' dir='ltr'>quodcumque</span> <span class='ocrx_word' id='word_1_13' title='bbox 773 932 876 1054; x_wconf 83' lang='lat' dir='ltr'>sagax</span> <span class='ocrx_word' id='word_1_14' title='bbox 895 949 1062 1027; x_wconf 89' lang='lat' dir='ltr'>tentando</span> <span class='ocrx_word' id='word_1_15' title='bbox 1085 941 1240 1055; x_wconf 89' lang='lat' dir='ltr'>repperit</span> <span class='ocrx_word' id='word_1_16' title='bbox 1264 954 1370 1046; x_wconf 73' lang='lat' dir='ltr'>usus,</span> 
     </span>
    </p>

    <p class='ocr_par' dir='ltr' id='par_1_3' title="bbox 304 1087 1441 1356">
     <span class='ocr_line' id='line_1_4' title="bbox 396 1087 1441 1185; baseline 0.011 -10"><span class='ocrx_word' id='word_1_17' title='bbox 396 1107 398 1110; x_wconf 63' lang='lat'>‘</span> <span class='ocrx_word' id='word_1_18' title='bbox 427 1101 470 1176; x_wconf 87' lang='lat' dir='ltr'>In</span> <span class='ocrx_word' id='word_1_19' title='bbox 491 1087 682 1174; x_wconf 88' lang='lat' dir='ltr'>commune</span> <span class='ocrx_word' id='word_1_20' title='bbox 695 1102 831 1176; x_wconf 86' lang='lat' dir='ltr'>bonum</span> <span class='ocrx_word' id='word_1_21' title='bbox 853 1126 1094 1180; x_wconf 87' lang='lat' dir='ltr'>commentum</span> <span class='ocrx_word' id='word_1_22' title='bbox 1118 1103 1198 1181; x_wconf 86' lang='lat' dir='ltr'>laeta</span> <span class='ocrx_word' id='word_1_23' title='bbox 1218 1106 1405 1185; x_wconf 72' lang='lat' dir='ltr'>dederunte</span> <span class='ocrx_word' id='word_1_24' title='bbox 1439 1099 1441 1105; x_wconf 53' lang='grc'>’</span> 
     </span>
     <span class='ocr_line' id='line_1_5' title="bbox 304 1246 1290 1356; baseline 0.008 -38"><span class='ocrx_word' id='word_1_25' title='bbox 304 1275 310 1284; x_wconf 93' lang='grc'><em>·</em></span> <span class='ocrx_word' id='word_1_26' title='bbox 427 1246 531 1320; x_wconf 87' lang='lat' dir='ltr'>Tunc</span> <span class='ocrx_word' id='word_1_27' title='bbox 556 1251 593 1322; x_wconf 79' lang='lat' dir='ltr'>dr</span> <span class='ocrx_word' id='word_1_28' title='bbox 616 1247 730 1351; x_wconf 88' lang='lat' dir='ltr'>lingua</span> <span class='ocrx_word' id='word_1_29' title='bbox 753 1251 827 1326; x_wconf 89' lang='lat' dir='ltr'>suas</span> <span class='ocrx_word' id='word_1_30' title='bbox 845 1257 982 1354; x_wconf 87' lang='lat' dir='ltr'>accepit</span> <span class='ocrx_word' id='word_1_31' title='bbox 1001 1255 1148 1329; x_wconf 88' lang='lat' dir='ltr'>barbara</span> <span class='ocrx_word' id='word_1_32' title='bbox 1168 1254 1290 1356; x_wconf 88' lang='lat' dir='ltr'>leges,</span> 
     </span>
    </p>
   </div>
   <div class='ocr_carea' id='block_1_3' title="bbox 317 1398 1190 1505">
    <p class='ocr_par' dir='ltr' id='par_1_4' title="bbox 317 1398 1190 1505">
     <span class='ocr_line' id='line_1_6' title="bbox 317 1398 1190 1505; baseline 0.013 -35"><span class='ocrx_word' id='word_1_33' title='bbox 317 1473 319 1481; x_wconf 71' lang='grc'>,</span> <span class='ocrx_word' id='word_1_34' title='bbox 427 1398 473 1472; x_wconf 90' lang='lat' dir='ltr'>Et</span> <span class='ocrx_word' id='word_1_35' title='bbox 493 1398 564 1472; x_wconf 90' lang='lat' dir='ltr'>fera</span> <span class='ocrx_word' id='word_1_36' title='bbox 580 1401 718 1475; x_wconf 87' lang='lat' dir='ltr'>diversrs</span> <span class='ocrx_word' id='word_1_37' title='bbox 738 1405 888 1478; x_wconf 84' lang='lat' dir='ltr'>exercita</span> <span class='ocrx_word' id='word_1_38' title='bbox 907 1403 1063 1505; x_wconf 81' lang='lat' dir='ltr'>frugibus</span> <span class='ocrx_word' id='word_1_39' title='bbox 1081 1421 1190 1495; x_wconf 81' lang='lat' dir='ltr'>arua,</span> 
     </span>
    </p>
   </div>
   <div class='ocr_carea' id='block_1_4' title="bbox 299 1540 1359 1660">
    <p class='ocr_par' dir='ltr' id='par_1_5' title="bbox 299 1540 1359 1660">
     <span class='ocr_line' id='line_1_7' title="bbox 299 1540 1359 1660; baseline 0.011 -46"><span class='ocrx_word' id='word_1_40' title='bbox 299 1549 309 1574; x_wconf 80' lang='lat'><strong><em>‘</em></strong></span> <span class='ocrx_word' id='word_1_41' title='bbox 357 1541 406 1637; x_wconf 59' lang='lat'>&#39;85</span> <span class='ocrx_word' id='word_1_42' title='bbox 432 1548 474 1621; x_wconf 83' lang='lat' dir='ltr'>Et</span> <span class='ocrx_word' id='word_1_43' title='bbox 495 1573 601 1650; x_wconf 87' lang='lat' dir='ltr'>vagus</span> <span class='ocrx_word' id='word_1_44' title='bbox 621 1549 657 1622; x_wconf 88' lang='lat' dir='ltr'>in</span> <span class='ocrx_word' id='word_1_45' title='bbox 679 1572 813 1626; x_wconf 86' lang='lat' dir='ltr'>caecum</span> <span class='ocrx_word' id='word_1_46' title='bbox 836 1554 1031 1660; x_wconf 79' lang='lat' dir='ltr'>penetravit</span> <span class='ocrx_word' id='word_1_47' title='bbox 1052 1540 1166 1628; x_wconf 84' lang='lat' dir='ltr'>navita</span> <span class='ocrx_word' id='word_1_48' title='bbox 1184 1574 1359 1653; x_wconf 80' lang='lat' dir='ltr'>pomum,</span> 
     </span>
    </p>
   </div>
   <div class='ocr_carea' id='block_1_5' title="bbox 325 1697 1440 3578">
    <p class='ocr_par' dir='ltr' id='par_1_6' title="bbox 325 1697 1440 3578">
     <span class='ocr_line' id='line_1_8' title="bbox 427 1697 1230 1798; baseline 0.004 -27"><span class='ocrx_word' id='word_1_49' title='bbox 427 1697 526 1771; x_wconf 75' lang='lat' dir='ltr'>Fecit</span> <span class='ocrx_word' id='word_1_50' title='bbox 549 1699 584 1775; x_wconf 73' lang='grc' dir='ltr'>ἃ</span> <span class='ocrx_word' id='word_1_51' title='bbox 608 1699 733 1798; x_wconf 81' lang='lat' dir='ltr'>ignotis</span> <span class='ocrx_word' id='word_1_52' title='bbox 750 1703 816 1775; x_wconf 90' lang='lat' dir='ltr'>iter</span> <span class='ocrx_word' id='word_1_53' title='bbox 836 1703 872 1775; x_wconf 89' lang='lat' dir='ltr'>in</span> <span class='ocrx_word' id='word_1_54' title='bbox 893 1701 1105 1777; x_wconf 86' lang='lat' dir='ltr'>commercia</span> <span class='ocrx_word' id='word_1_55' title='bbox 1121 1702 1230 1775; x_wconf 70' lang='lat' dir='ltr'>terris·</span> 
     </span>
     <span class='ocr_line' id='line_1_9' title="bbox 325 1830 1439 1942; baseline 0.009 -29"><span class='ocrx_word' id='word_1_56' title='bbox 325 1830 327 1837; x_wconf 43' lang='lat'><strong>¹</strong></span> <span class='ocrx_word' id='word_1_57' title='bbox 366 1873 384 1911; x_wconf 73' lang='grc' dir='ltr'><strong>μ</strong></span> <span class='ocrx_word' id='word_1_58' title='bbox 429 1841 525 1914; x_wconf 89' lang='lat' dir='ltr'>Tum</span> <span class='ocrx_word' id='word_1_59' title='bbox 550 1840 634 1916; x_wconf 83' lang='lat' dir='ltr'>beili</span> <span class='ocrx_word' id='word_1_60' title='bbox 652 1845 816 1942; x_wconf 83' lang='lat' dir='ltr'>pacisque</span> <span class='ocrx_word' id='word_1_61' title='bbox 840 1871 930 1921; x_wconf 85' lang='lat' dir='ltr'>artes</span> <span class='ocrx_word' id='word_1_62' title='bbox 950 1841 1152 1923; x_wconf 86' lang='lat' dir='ltr'>commenta</span> <span class='ocrx_word' id='word_1_63' title='bbox 1174 1846 1346 1926; x_wconf 80' lang='lat' dir='ltr'>vetustas:</span> <span class='ocrx_word' id='word_1_64' title='bbox 1423 1873 1439 1922; x_wconf 88' lang='grc'>.’</span> 
     </span>
     <span class='ocr_line' id='line_1_10' title="bbox 429 1976 1438 2099; baseline 0 -36"><span class='ocrx_word' id='word_1_65' title='bbox 429 1986 694 2095; x_wconf 83' lang='lat' dir='ltr'>Semperetiim</span> <span class='ocrx_word' id='word_1_66' title='bbox 716 2017 761 2066; x_wconf 85' lang='lat' dir='ltr'>ex</span> <span class='ocrx_word' id='word_1_67' title='bbox 780 1992 853 2067; x_wconf 87' lang='lat' dir='ltr'>aliis</span> <span class='ocrx_word' id='word_1_68' title='bbox 874 1994 940 2068; x_wconf 84' lang='lat' dir='ltr'>alia</span> <span class='ocrx_word' id='word_1_69' title='bbox 959 1995 1171 2096; x_wconf 85' lang='lat' dir='ltr'>proseminat</span> <span class='ocrx_word' id='word_1_70' title='bbox 1185 1993 1274 2099; x_wconf 57' lang='lat' dir='ltr'>usust</span> <span class='ocrx_word' id='word_1_71' title='bbox 1436 1976 1438 1987; x_wconf 58' lang='grc'>’</span> 
     </span>
     <span class='ocr_line' id='line_1_11' title="bbox 431 2139 1368 2244; baseline -0.002 -29"><span class='ocrx_word' id='word_1_72' title='bbox 431 2141 493 2215; x_wconf 89' lang='lat' dir='ltr'>Ne</span> <span class='ocrx_word' id='word_1_73' title='bbox 508 2140 646 2242; x_wconf 88' lang='lat' dir='ltr'>vulgata</span> <span class='ocrx_word' id='word_1_74' title='bbox 661 2151 784 2216; x_wconf 86' lang='lat' dir='ltr'>canam</span> <span class='ocrx_word' id='word_1_75' title='bbox 795 2171 807 2236; x_wconf 84' lang='lat'>3</span> <span class='ocrx_word' id='word_1_76' title='bbox 827 2141 959 2244; x_wconf 80' lang='lat' dir='ltr'>linguas</span> <span class='ocrx_word' id='word_1_77' title='bbox 979 2144 1135 2218; x_wconf 85' lang='lat' dir='ltr'>didicere</span> <span class='ocrx_word' id='word_1_78' title='bbox 1157 2139 1368 2228; x_wconf 80' lang='lat' dir='ltr'>volucrum,</span> 
     </span>
     <span class='ocr_line' id='line_1_12' title="bbox 356 2288 1330 2390; baseline -0.001 -28"><span class='ocrx_word' id='word_1_79' title='bbox 356 2301 407 2375; x_wconf 78' lang='lat'>90</span> <span class='ocrx_word' id='word_1_80' title='bbox 433 2288 636 2364; x_wconf 87' lang='lat' dir='ltr'>Consulrare</span> <span class='ocrx_word' id='word_1_81' title='bbox 655 2290 759 2364; x_wconf 89' lang='lat' dir='ltr'>fibras</span> <span class='ocrx_word' id='word_1_82' title='bbox 782 2294 817 2364; x_wconf 86' lang='lat'>&amp;</span> <span class='ocrx_word' id='word_1_83' title='bbox 834 2317 998 2390; x_wconf 87' lang='lat' dir='ltr'>rumpere</span> <span class='ocrx_word' id='word_1_84' title='bbox 1013 2290 1160 2368; x_wconf 84' lang='lat' dir='ltr'>vocibus</span> <span class='ocrx_word' id='word_1_85' title='bbox 1178 2312 1330 2390; x_wconf 84' lang='lat' dir='ltr'>angues,</span> 
     </span>
     <span class='ocr_line' id='line_1_13' title="bbox 431 2435 1440 2539; baseline -0.003 -28"><span class='ocrx_word' id='word_1_86' title='bbox 431 2435 625 2511; x_wconf 82' lang='lat' dir='ltr'>Solficitare</span> <span class='ocrx_word' id='word_1_87' title='bbox 642 2441 808 2528; x_wconf 88' lang='lat' dir='ltr'>umbras,</span> <span class='ocrx_word' id='word_1_88' title='bbox 825 2441 1006 2539; x_wconf 89' lang='lat' dir='ltr'>imumque</span> <span class='ocrx_word' id='word_1_89' title='bbox 1030 2437 1239 2512; x_wconf 85' lang='lat' dir='ltr'>Acheronta</span> <span class='ocrx_word' id='word_1_90' title='bbox 1261 2449 1411 2511; x_wconf 82' lang='lat' dir='ltr'>movere</span> <span class='ocrx_word' id='word_1_91' title='bbox 1420 2467 1440 2535; x_wconf 52' lang='lat' dir='ltr'>q</span> 
     </span>
     <span class='ocr_line' id='line_1_14' title="bbox 393 2561 1322 2686; baseline 0.001 -22"><span class='ocrx_word' id='word_1_92' title='bbox 393 2659 395 2664; x_wconf 89' lang='lat'><em>.</em></span> <span class='ocrx_word' id='word_1_93' title='bbox 428 2585 471 2663; x_wconf 85' lang='lat' dir='ltr'>In</span> <span class='ocrx_word' id='word_1_94' title='bbox 486 2590 696 2686; x_wconf 66' lang='lat' dir='ltr'>nossemque</span> <span class='ocrx_word' id='word_1_95' title='bbox 717 2561 811 2679; x_wconf 49' lang='lat' dir='ltr'>dies}</span> <span class='ocrx_word' id='word_1_96' title='bbox 837 2591 875 2663; x_wconf 91' lang='lat' dir='ltr'>in</span> <span class='ocrx_word' id='word_1_97' title='bbox 896 2588 1014 2663; x_wconf 86' lang='lat' dir='ltr'>lucem</span> <span class='ocrx_word' id='word_1_98' title='bbox 1036 2610 1173 2665; x_wconf 89' lang='lat' dir='ltr'>vertere</span> <span class='ocrx_word' id='word_1_99' title='bbox 1192 2590 1322 2665; x_wconf 75' lang='lat' dir='ltr'>nodos.</span> 
     </span>
     <span class='ocr_line' id='line_1_15' title="bbox 431 2709 1185 2816; baseline -0.007 -3"><span class='ocrx_word' id='word_1_100' title='bbox 431 2733 563 2813; x_wconf 90' lang='lat' dir='ltr'>Omnia</span> <span class='ocrx_word' id='word_1_101' title='bbox 587 2739 751 2813; x_wconf 90' lang='lat' dir='ltr'>conando</span> <span class='ocrx_word' id='word_1_102' title='bbox 775 2709 1056 2813; x_wconf 88' lang='lat' dir='ltr'>docilissolertia</span> <span class='ocrx_word' id='word_1_103' title='bbox 1076 2738 1185 2816; x_wconf 87' lang='lat' dir='ltr'>vicit:</span> 
     </span>
     <span class='ocr_line' id='line_1_16' title="bbox 431 2884 1380 2988; baseline -0.006 -25"><span class='ocrx_word' id='word_1_104' title='bbox 431 2890 513 2963; x_wconf 87' lang='lat' dir='ltr'>Nec</span> <span class='ocrx_word' id='word_1_105' title='bbox 533 2891 625 2987; x_wconf 75' lang='lat' dir='ltr'>pfiirs</span> <span class='ocrx_word' id='word_1_106' title='bbox 642 2886 808 2988; x_wconf 82' lang='lat' dir='ltr'>imposuit</span> <span class='ocrx_word' id='word_1_107' title='bbox 825 2887 930 2960; x_wconf 90' lang='lat' dir='ltr'>rebus</span> <span class='ocrx_word' id='word_1_108' title='bbox 947 2884 1123 2983; x_wconf 86' lang='lat' dir='ltr'>finemque</span> <span class='ocrx_word' id='word_1_109' title='bbox 1136 2909 1380 2982; x_wconf 77' lang='lat' dir='ltr'>manumque,</span> 
     </span>
     <span class='ocr_line' id='line_1_17' title="bbox 355 3012 1392 3129; baseline -0.007 -23"><span class='ocrx_word' id='word_1_110' title='bbox 355 3012 409 3117; x_wconf 36' lang='lat'>&#39;95</span> <span class='ocrx_word' id='word_1_111' title='bbox 434 3032 549 3128; x_wconf 74' lang='lat' dir='ltr'>Quam</span> <span class='ocrx_word' id='word_1_112' title='bbox 567 3030 697 3104; x_wconf 88' lang='lat' dir='ltr'>coelum</span> <span class='ocrx_word' id='word_1_113' title='bbox 718 3030 872 3105; x_wconf 87' lang='lat' dir='ltr'>ascendit</span> <span class='ocrx_word' id='word_1_114' title='bbox 890 3035 1002 3120; x_wconf 89' lang='lat' dir='ltr'>ratio,</span> <span class='ocrx_word' id='word_1_115' title='bbox 1022 3032 1188 3129; x_wconf 86' lang='lat' dir='ltr'>cepitque</span> <span class='ocrx_word' id='word_1_116' title='bbox 1208 3028 1392 3128; x_wconf 83' lang='lat' dir='ltr'>profundis</span> 
     </span>
     <span class='ocr_line' id='line_1_18' title="bbox 434 3172 1435 3287; baseline -0.007 -30"><span class='ocrx_word' id='word_1_117' title='bbox 434 3185 604 3257; x_wconf 77' lang='lat' dir='ltr'>Naturam</span> <span class='ocrx_word' id='word_1_118' title='bbox 624 3205 738 3253; x_wconf 89' lang='lat' dir='ltr'>rerum</span> <span class='ocrx_word' id='word_1_119' title='bbox 758 3176 926 3267; x_wconf 84' lang='lat' dir='ltr'>claustris,</span> <span class='ocrx_word' id='word_1_120' title='bbox 938 3176 1093 3277; x_wconf 89' lang='lat' dir='ltr'>viditque</span> <span class='ocrx_word' id='word_1_121' title='bbox 1105 3173 1359 3287; x_wconf 90' lang='lat' dir='ltr'>quodusquam</span> <span class='ocrx_word' id='word_1_122' title='bbox 1373 3172 1435 3250; x_wconf 78' lang='lat' dir='ltr'>esf·</span> 
     </span>
     <span class='ocr_line' id='line_1_19' title="bbox 398 3295 1307 3434; baseline -0.012 -29"><span class='ocrx_word' id='word_1_123' title='bbox 398 3296 401 3300; x_wconf 18' lang='grc' dir='ltr'>ι</span> <span class='ocrx_word' id='word_1_124' title='bbox 434 3295 566 3405; x_wconf 78' lang='lat' dir='ltr'>Nubila</span> <span class='ocrx_word' id='word_1_125' title='bbox 585 3354 646 3402; x_wconf 91' lang='lat' dir='ltr'>cur</span> <span class='ocrx_word' id='word_1_126' title='bbox 672 3350 768 3434; x_wconf 86' lang='lat' dir='ltr'>tanto</span> <span class='ocrx_word' id='word_1_127' title='bbox 790 3350 1013 3425; x_wconf 85' lang='lat' dir='ltr'>quaterentur</span> <span class='ocrx_word' id='word_1_128' title='bbox 1033 3325 1129 3427; x_wconf 89' lang='lat' dir='ltr'>pulsa</span> <span class='ocrx_word' id='word_1_129' title='bbox 1148 3326 1307 3422; x_wconf 82' lang='lat' dir='ltr'>fragore,</span> 
     </span>
     <span class='ocr_line' id='line_1_20' title="bbox 433 3442 1285 3578; baseline -0.012 -28"><span class='ocrx_word' id='word_1_130' title='bbox 433 3479 591 3552; x_wconf 83' lang='lat' dir='ltr'>Hiberna</span> <span class='ocrx_word' id='word_1_131' title='bbox 615 3476 727 3553; x_wconf 75' lang='lat' dir='ltr'>aestivai</span> <span class='ocrx_word' id='word_1_132' title='bbox 746 3477 804 3548; x_wconf 87' lang='lat' dir='ltr'>nix</span> <span class='ocrx_word' id='word_1_133' title='bbox 824 3477 991 3578; x_wconf 88' lang='lat' dir='ltr'>grandine</span> <span class='ocrx_word' id='word_1_134' title='bbox 1015 3460 1155 3546; x_wconf 90' lang='lat' dir='ltr'>mollior</span> <span class='ocrx_word' id='word_1_135' title='bbox 1177 3442 1285 3557; x_wconf 88' lang='lat' dir='ltr'>esset,</span> 
     </span>
    </p>
   </div>
   <div class='ocr_carea' id='block_1_6' title="bbox 435 3615 1426 3790">
    <p class='ocr_par' dir='ltr' id='par_1_7' title="bbox 435 3615 1426 3790">
     <span class='ocr_line' id='line_1_21' title="bbox 435 3615 1345 3722; baseline -0.012 -23"><span class='ocrx_word' id='word_1_136' title='bbox 435 3626 608 3699; x_wconf 80' lang='lat' dir='ltr'>Arderent</span> <span class='ocrx_word' id='word_1_137' title='bbox 626 3646 750 3714; x_wconf 86' lang='lat' dir='ltr'>terroe,</span> <span class='ocrx_word' id='word_1_138' title='bbox 774 3624 971 3722; x_wconf 88' lang='lat' dir='ltr'>solidusque</span> <span class='ocrx_word' id='word_1_139' title='bbox 992 3620 1203 3696; x_wconf 89' lang='lat' dir='ltr'>tremisceret</span> <span class='ocrx_word' id='word_1_140' title='bbox 1227 3615 1345 3702; x_wconf 89' lang='lat' dir='ltr'>orbis,</span> 
     </span>
     <span class='ocr_line' id='line_1_22' title="bbox 438 3749 1426 3790; baseline -0.013 0"><span class='ocrx_word' id='word_1_141' title='bbox 438 3749 1426 3790; x_wconf 52' lang='grc' dir='ltr'><em>Μ</em></span> 
     </span>
    </p>
   </div>
   <div class='ocr_carea' id='block_1_7' title="bbox 413 3820 1441 3913">
    <p class='ocr_par' dir='ltr' id='par_1_8' title="bbox 413 3820 1441 3913">
     <span class='ocr_line' id='line_1_23' title="bbox 413 3820 1441 3913; baseline -0.013 -13"><span class='ocrx_word' id='word_1_142' title='bbox 413 3896 414 3900; x_wconf 75' lang='grc'>,</span> <span class='ocrx_word' id='word_1_143' title='bbox 476 3838 517 3902; x_wconf 91' lang='lat' dir='ltr'>V.</span> <span class='ocrx_word' id='word_1_144' title='bbox 538 3843 586 3900; x_wconf 78' lang='lat'>82.</span> <span class='ocrx_word' id='word_1_145' title='bbox 607 3836 638 3897; x_wconf 88' lang='lat' dir='ltr'>B.</span> <span class='ocrx_word' id='word_1_146' title='bbox 670 3858 779 3897; x_wconf 80' lang='lat' dir='ltr'>novum</span> <span class='ocrx_word' id='word_1_147' title='bbox 803 3854 1025 3913; x_wconf 66' lang='lat' dir='ltr'>commentum</span> <span class='ocrx_word' id='word_1_148' title='bbox 1052 3832 1100 3895; x_wconf 82' lang='lat' dir='ltr'>sed</span> <span class='ocrx_word' id='word_1_149' title='bbox 1126 3831 1281 3892; x_wconf 82' lang='lat' dir='ltr'>reclamant</span> <span class='ocrx_word' id='word_1_150' title='bbox 1315 3820 1441 3890; x_wconf 84' lang='lat' dir='ltr'>universi</span> 
     </span>
    </p>
   </div>
   <div class='ocr_carea' id='block_1_8' title="bbox 440 3952 1436 4142">
    <p class='ocr_par' dir='ltr' id='par_1_9' title="bbox 440 3952 1436 4142">
     <span class='ocr_line' id='line_1_24' title="bbox 440 3952 564 4012; baseline 0 0"><span class='ocrx_word' id='word_1_151' title='bbox 440 3952 564 4012; x_wconf 68' lang='lat' dir='ltr'>Codices.</span> 
     </span>
     <span class='ocr_line' id='line_1_25' title="bbox 482 4051 1436 4142; baseline -0.01 -13"><span class='ocrx_word' id='word_1_152' title='bbox 482 4066 524 4129; x_wconf 87' lang='lat' dir='ltr'>V.</span> <span class='ocrx_word' id='word_1_153' title='bbox 545 4070 593 4128; x_wconf 79' lang='lat'>88.</span> <span class='ocrx_word' id='word_1_154' title='bbox 616 4068 657 4127; x_wconf 84' lang='lat' dir='ltr'>Ita</span> <span class='ocrx_word' id='word_1_155' title='bbox 667 4081 724 4132; x_wconf 81' lang='lat' dir='ltr'>vet.</span> <span class='ocrx_word' id='word_1_156' title='bbox 736 4084 844 4142; x_wconf 75' lang='lat' dir='ltr'>ornnes3</span> <span class='ocrx_word' id='word_1_157' title='bbox 857 4063 903 4127; x_wconf 87' lang='lat' dir='ltr'>sed</span> <span class='ocrx_word' id='word_1_158' title='bbox 914 4083 969 4127; x_wconf 89' lang='lat' dir='ltr'>rec.</span> <span class='ocrx_word' id='word_1_159' title='bbox 982 4062 1025 4124; x_wconf 83' lang='lat' dir='ltr'>Ex</span> <span class='ocrx_word' id='word_1_160' title='bbox 1035 4056 1092 4122; x_wconf 83' lang='lat' dir='ltr'>aliis</span> <span class='ocrx_word' id='word_1_161' title='bbox 1103 4051 1318 4141; x_wconf 77' lang='lat' dir='ltr'>alios&#39;(nenrpe</span> <span class='ocrx_word' id='word_1_162' title='bbox 1327 4060 1436 4136; x_wconf 78' lang='lat' dir='ltr'>artes).</span> 
     </span>
    </p>
   </div>
   <div class='ocr_carea' id='block_1_9' title="bbox 0 0 1714 5075">
    <p class='ocr_par' dir='ltr' id='par_1_10' title="bbox 0 0 1714 5075">
     <span class='ocr_line' id='line_1_26' title="bbox 0 0 1714 5075; baseline 0 0"><span class='ocrx_word' id='word_1_163' title='bbox 0 0 1714 5075; x_wconf 95' lang='lat' dir='ltr'> </span> 
     </span>
    </p>
   </div>
  </div>
 </body>
</html>
