3417 5075
460 693 505 754 σε
618 682 710 754 Les
746 679 1251 772 Asruouoratqurs

453 861 528 935 Sed
541 861 616 957 quia
626 881 689 955 per
702 857 857 929 medium
871 835 917 931 est
927 857 1027 931 tellus
1040 853 1199 958 suspensa
1212 861 1450 960 profundum.

454 1010 547 1083 Binis
569 1006 744 1080 isummo
763 1006 863 1106 lagnis
887 1007 1089 1091 discedit&
1112 1012 1199 1083 imo.

451 1159 545 1230 Hinc
569 1157 670 1256 igitur
682 1158 936 1267 quodcumque
961 1157 1062 1256 supra
1080 1180 1115 1232 te
1135 1159 1271 1258 suspicis
1292 1160 1395 1257 ipse,

451 1306 531 1401 Qui
551 1330 622 1405 per
635 1307 736 1378 inane
757 1326 873 1403 meant
892 1303 1007 1395 oculi,
1031 1298 1170 1405 quique
1192 1311 1241 1383 ire
1267 1310 1457 1405 recusant,

352 1467 399 1545 53
403 1470 427 1547 5
454 1453 550 1529 Binis
573 1453 782 1551 aequandum
800 1455 847 1528 est
867 1453 989 1554 fignis3
1014 1454 1073 1529 lex
1091 1478 1185 1530 tanta
1205 1459 1368 1534 rotundae

453 1603 617 1676 Efficiunt
639 1603 765 1676 orbem
789 1626 915 1696 zonae3
940 1606 1010 1703 qui
1031 1605 1124 1707 figna
1148 1606 1302 1680 feruntur

428 1750 509 1853 'Bis
530 1750 608 1845 sex,
632 1751 757 1849 aequali
780 1752 891 1853 spatio
911 1758 1062 1865 tenentia
1085 1754 1229 1859 coelum.

447 1872 529 1974 Nec
549 1879 672 1984 mirere
696 1923 804 2000 vagos
828 1877 944 1998 partus
964 1872 1088 1979 eadem
1112 1905 1181 1979 effe
1201 1931 1265 2007 per
1289 1907 1400 1996 astra,
1491 1940 1493 1949 ·

374 2054 377 2063 '
447 2050 494 2125 Et
525 2052 670 2124 mixtum
691 2052 822 2154 ingenti
844 2052 978 2152 generis
993 2051 1351 2162 ¹discrimine-fatum

349 2197 426 2277 540
449 2198 588 2300 Singula
611 2202 691 2273 clun
713 2203 844 2276 tantum
872 2223 1033 2292 teneant,
1058 2225 1226 2302 tantoque
1243 2202 1404 2280 ferantur

444 2347 651 2448 Tempore,
673 2350 731 2425 vix
748 2349 822 2423 toti
840 2347 1010 2449 surgentia
1029 2349 1137 2422 sidera
1160 2347 1248 2424 luce.
1364 2398 1366 2401 v

397 2567 399 2571 ν
446 2551 1439 2586 w

482 2668 524 2735 V·
547 2692 560 2742 5
566 2633 617 2751 33t
636 2667 669 2730 ln
683 2661 812 2726 amnibus
825 2661 929 2745 legitur
947 2663 1174 2759 quodcumque,¹
1196 2688 1248 2747 pro
1273 2691 1329 2753 quo
1349 2672 1385 2735 Β.
1403 2684 1449 2746 ηιξ

442 2786 536 2867 posuit
560 2789 756 2871 qudcumque.
776 2777 828 2839 Per
840 2779 941 2861 fitpra
959 2799 988 2840 te
1003 2778 1130 2863 intellige
1153 2778 1270 2860 spatium
1297 2785 1383 2864 capiri
1400 2805 1450 2850 tuo

443 2901 614 2967 verticaliter
634 2897 803 2971 imminens,
818 2900 845 2956 &
858 2894 1007 2957 evanescet
1015 2893 1137 2983 ubjeffio
1151 2893 1167 2955 al
1180 2895 1214 2959 B.
1239 2915 1335 2959 contra
1348 2903 1449 2984 quod-j

443 3030 568 3100 euntque
586 3012 734 3095 propnfita.

480 3130 519 3195 V.
542 3150 608 3206 541.
628 3131 672 3191 lta
696 3124 806 3189 codices
831 3121 975 3199 mirem,
994 3121 1044 3183 nili
1068 3123 1144 3203 qued
1167 3147 1219 3204 pro
1244 3130 1320 3199 vr'x,
1349 3146 1446 3196 tenent

433 3244 508 3330 sex.
537 3244 596 3304 Dat
635 3244 668 3306 B.
710 3247 767 3307 vix
805 3261 867 3303 toto
882 3231 1030 3322 =surgentia
1058 3237 1143 3298 fidere
1171 3243 1275 3321 mense.
1309 3244 1442 3316 Mensem

440 3333 533 3423 tntum
553 3359 693 3420 insumant
719 3357 823 3441 lingula
844 3356 920 3439 ligna
940 3355 970 3415 in
988 3374 1048 3415 ortu
1065 3354 1113 3413 suo
1140 3354 1271 3440 heliaca,
1288 3355 1443 3440 cosmica,

440 3477 596 3552 chronico,
618 3476 689 3536 nihil
706 3476 812 3535 adrem
829 3471 958 3548 Manilii,
975 3468 1080 3551 quihic
1104 3468 1160 3553 agit
1172 3469 1206 3530 de
1220 3469 1324 3533 influxu
1344 3475 1443 3561 ligno.

439 3609 503 3649 rum
530 3591 560 3649 in
586 3589 741 3648 nativitates
762 3588 916 3648 hominum.
940 3586 1038 3649 Porro·
1051 3584 1079 3646 in
1101 3608 1148 3647 eas
1167 3586 1322 3648 nativitates
1348 3591 1439 3675 vulgi

439 3722 496 3767 non
516 3701 604 3761 influit
622 3700 670 3769 nili
693 3700 804 3760 diurnus
820 3701 938 3762 siderum
954 3717 1039 3762 ortus.
1058 3702 1136 3761 Toto
1154 3701 1199 3762 seu
1217 3700 1304 3761 solido
1314 3705 1367 3767 'die
1392 3701 1452 3771 viat¹

439 3816 534 3879 omnia
556 3813 630 3897 figna
647 3817 791 3882 oriuntur;
811 3816 916 3900 fingula
931 3838 997 3899 ergo
1013 3817 1080 3877 duas
1093 3817 1202 3877 circiter
1220 3814 1302 3874 horas
1324 3818 1352 3877 in
1376 3840 1440 3884 ortu

436 3932 488 3992 suo
507 3929 659 3992 insumunt.
679 3928 757 4007 Quid
778 3951 845 4011 ergo
868 3932 989 4004 mirum,
1009 3931 1028 3991 fi
1047 3948 1122 3989 tanto
1147 3948 1275 4007 tempore
1299 3953 1440 4017 vagentur

436 4060 532 4126 partus
545 4088 555 4121 ‚
570 4042 662 4125 puerit
685 4041 734 4106 sub
755 4043 855 4107 eudem
874 4043 989 4126 quidem
1008 4042 1104 4127 igno,
1122 4041 1169 4105 sed
1189 4065 1245 4107 non
1267 4044 1318 4107 sub
1337 4050 1443 4119 eadem
