3417 5075
310 740 315 755 ι
410 664 454 750 78
593 642 1293 738 Lrsrlsrrononroorr'

406 835 478 906 Seu
497 831 581 928 petit
599 829 796 927 hesperios,
818 827 975 928 suprase
995 830 1137 930 circinat
1157 829 1286 901 orbem

397 979 604 1059 verticibus
617 967 904 1078 superastantem,
926 979 1154 1076 mediumque
1181 975 1365 1049 secantem

407 1129 575 1215 Caelum,
596 1127 761 1204 &diviso
785 1126 974 1229 signantem
993 1125 1142 1201 culmine
1164 1128 1368 1220 mundum3

308 1265 384 1341 ⁶20
408 1281 570 1375 Cumque
589 1278 673 1353 loco
693 1300 794 1354 terrae
813 1277 1013 1374 coelumque
1037 1279 1073 1349 ὅ(
1093 1299 1254 1375 tempora
1277 1260 1411 1369 mutat3

407 1420 1412 1526 Quandoaliisaliudniediumessrvolethoraperorbemt,

405 1574 530 1678 Atque
546 1577 607 1654 ubi
629 1577 665 1652 se
684 1577 802 1676 primis
814 1574 949 1650 extollit
969 1575 1189 1648 Phoebus-ab
1209 1575 1339 1666 undis,

316 1792 318 1799 .
402 1725 474 1803 Illis
499 1727 592 1800 sexta
608 1749 746 1809 manet,
769 1751 859 1823 quos
883 1729 1105 1824 tumpremit
1122 1732 1243 1799 aureus
1266 1726 1382 1805 orbis.

402 1870 532 1947 Rursus
554 1872 599 1945 ad
615 1871 794 1968 hesperios
811 1872 905 1946 sexta
929 1875 1000 1960 est,
1015 1876 1076 1948 ubi
1093 1873 1185 1947 cedit
1195 1873 1231 1945 in
1244 1872 1415 1946 umbras:

305 2025 387 2122 625¹
410 2022 491 2097 Nos
523 2020 670 2119 primam
710 2038 752 2090 ac
795 2016 965 2090 summam
1003 2019 1135 2093 sextam
1180 2043 1413 2095 numeramus

652 2188 859 2266 utramque,

402 2317 448 2390 Et
467 2311 624 2416 gelidum
652 2335 813 2388 extremo
833 2313 954 2390 lumen
971 2312 1136 2389 sentimus
1160 2315 1205 2391 ab
1227 2317 1322 2418 igne.

447 2460 603 2536 Alterius
619 2459 705 2534 liner
727 2460 817 2534 [ivis
836 2463 1049 2563 cognoscere
1070 2467 1172 2566 gyri,

403 2581 605 2689 Circumfer
617 2608 735 2684 faciles
759 2609 883 2686 oculos
903 2588 1110 2711 vultumque
1129 2640 1192 2712 per
1215 2616 1360 2726 orbern.

392 2761 584 2863 'Quicquid
602 2761 666 2833 erit
689 2757 841 2857 coelique
863 2762 974 2835 imum
993 2783 1165 2861 terraeque
1186 2761 1412 2864 supremum,

306 2928 381 3025 630
404 2914 484 3010 Qui
501 2915 573 2986 coit
590 2909 664 3006 ipse
685 2905 756 2998 sibi
772 2906 870 2983 nullo
895 2909 1286 2999 discrimine'mundus,
1378 2995 1383 3000 ,

400 3058 605 3153 Redditque
627 3076 688 3127 aut
708 3057 831 3154 recipit
852 3054 1016 3152 fulgentia
1033 3058 1141 3132 fidera
1158 3079 1296 3156 ponto,

402 3203 583 3303 Praecingit
600 3202 697 3275 tenui
718 3199 952 3273 transversum·
969 3198 1080 3274 limite
1099 3208 1286 3281 mundum.

290 3387 293 3396 ·
401 3341 493 3432 Haec
508 3375 652 3453 quoque
671 3373 736 3449 per
755 3355 872 3454 §tum
888 3334 1048 3425 volitabit
1070 3348 1161 3424 linea
1182 3351 1330 3433 coelum.
1399 3414 1402 3418 .

400 3555 402 3559 ·
440 3529 504 3592 Poll
518 3550 550 3593 v.
579 3539 660 3609 633,
678 3522 746 3587 duos
767 3522 796 3587 in
817 3522 962 3624 codicibus
978 3507 1109 3589 omnious
1142 3528 1236 3615 legere
1255 3532 1315 3606 est,
1340 3553 1409 3617 quos

404 3645 510 3732 spurios
531 3640 586 3703 else
611 3641 758 3702 contendit
780 3648 806 3701 &
829 3644 929 3720 probat
948 3643 981 3706 B.

466 3759 542 3810 Nunc
554 3770 651 3806 tantum
670 3754 702 3806 ad
719 3754 830 3807 medium
850 3771 973 3825 vergens,
988 3757 1149 3827 mediumque
1167 3774 1267 3825 repente

468 3856 580 3915 Orbem,
599 3870 663 3905 nunc
679 3856 771 3921 septem
786 3854 818 3905 ad
838 3856 937 3916 stellas,
955 3871 1020 3906 nunc
1039 3872 1107 3907 mota
1121 3857 1163 3905 sub
1176 3857 1247 3912 astra.

406 3957 480 4037 Quis
504 3954 624 4035 OEdipus
645 3954 710 4035 'hec
726 3952 873 4036 enigmata
900 3953 1036 4019 solverit?
1052 3954 1211 4043 Tentavere
1238 3957 1312 4023 Seal.
1343 3960 1409 4027 Sal-

310 4122 316 4128 ·
404 4070 520 4148 matus,
539 4079 597 4140 διο.
616 4067 725 4138 infelici
749 4066 865 4151 semper
881 4065 1015 4132 successu.
