3417 5075
388 638 453 693 uz
590 610 1206 707 LnsArrnouonroune

380 783 463 860 Nee
484 808 601 860 venttu
620 789 778 886 gravidas
799 792 909 867 nubes
922 851 934 883 ‚
947 815 1015 869 nec
1030 797 1172 869 flumina
1184 778 1371 894 pontum,¹
1413 894 1415 911 ⁴

299 908 362 1023 ‘75
388 936 468 1011 Nec
486 932 627 1036 pelagus
646 935 788 1035 fontes3
810 965 878 1015 nec
897 942 996 1015 flaret
1011 941 1148 1045 suntuna
1169 969 1239 1042 per
1258 967 1374 1018 omnes
1412 938 1415 1011 l

379 1086 443 1158 Par
456 1082 594 1182 semper
615 1110 730 1184 partes
752 1111 859 1197 aequo
881 1092 1008 1192 digesta
1028 1110 1194 1191 parente;

378 1219 431 1303 Ut
453 1255 568 1330 neque
590 1234 780 1311 deficerent
799 1239 926 1325 undae,
947 1263 1015 1312 nec
1032 1238 1155 1314 fideret
1176 1238 1304 1327 orbis,

375 1378 459 1453 Nec
478 1379 609 1455 eoelum
625 1385 712 1484 justo
723 1466 726 1477 ¹
739 1385 894 1486 majusve
908 1386 1063 1465 minisve
1084 1384 1235 1463 volaret.

377 1530 499 1603 Motus
520 1530 602 1619 alit,
621 1509 693 1607 non
718 1555 829 1609 mutat
849 1561 952 1634 opus.
975 1535 1033 1609 Sic
1059 1536 1178 1609 omnia
1203 1555 1290 1610 toto

306 1679 358 1750 80
380 1676 581 1779 Dispensata
594 1706 733 1757 manent
747 1684 903 1773 mundo,
917 1684 1170 1781 dominumque
1182 1682 1377 1780 sequuntur.

378 1825 449 1896 Hic
467 1808 568 1927 igitur
590 1829 698 1917 deus,
718 1833 753 1903 8<
774 1824 868 1903 ratio
880 1854 962 1926 quae
982 1833 1102 1905 cuneta
1118 1832 1294 1932 gubernat

380 1975 489 2049 Ducit
512 1975 556 2050 ab
574 1979 733 2051 aethereis
752 1998 887 2059 terrena
912 1977 1069 2050 animalia
1090 1977 1207 2076 fignis:

384 2128 478 2220 Quae
496 2151 706 2223 quamquam
729 2124 841 2228 longo
860 2127 955 2227 cogit
976 2125 1135 2201 submota
1156 2117 1301 2197 recellit

381 2271 506 2341 Sentiri
526 2293 665 2357 tamen,
688 2293 726 2341 ut
746 2272 832 2345 vitas
852 2294 894 2344 ac
914 2271 982 2344 fata
1000 2270 1185 2343 ministrent

308 2420 357 2510 85
382 2416 575 2500 Gentibus,
597 2440 638 2487 ac
656 2419 818 2514 proprios
839 2443 904 2515 per
927 2417 1055 2519 singula
1076 2440 1229 2514 corpora
1252 2430 1375 2492 mores.

380 2568 462 2642 Nec
481 2566 581 2638 nimis
602 2565 649 2638 est
666 2565 972 2672 quaerenda-fines.
991 2568 1049 2642 Sic
1070 2588 1246 2664 temperat
1264 2590 1345 2640 arva

384 2714 525 2789 Coelum
535 2745 549 2811 3
567 2713 612 2788 fic
628 2716 737 2790 varias
757 2712 873 2815 fruges
892 2714 1102 2812 redditque,
1122 2712 1313 2810 rapitque:

424 3029 465 3089 V.
484 3035 518 3105 83
534 3073 542 3101 ,
561 3036 610 3097 84.
622 3030 796 3092 Infinitivunt
809 3036 942 3107 Sentiri,
956 3030 1004 3093 hic
1021 3025 1149 3090 absolute
1160 3025 1298 3102 sumitur,
1310 3027 1383 3108 juxte

385 3140 481 3204 Gron.
496 3142 533 3202 lI.
557 3148 644 3213 14.&
664 3141 756 3201 Bentl.
776 3162 861 3219 quem
881 3142 1015 3221 loquendi
1034 3164 1144 3202 morem
1167 3160 1226 3202 non
1247 3138 1385 3219 pollemus

385 3254 547 3324 admittere3
561 3273 653 3334 neque
673 3253 784 3315 adrem
801 3254 908 3317 faciunt
925 3257 1056 3335 exempla
1075 3256 1090 3317 ὲ
1107 3256 1201 3317 Gron.
1213 3256 1306 3317 allata.
1317 3255 1384 3316 Sen-

386 3373 430 3433 sus
450 3369 529 3431 nobis
548 3369 656 3432 videtur
677 3368 796 3446 obvius,
814 3394 903 3453 qttoe,
919 3372 988 3431 licet
1000 3375 1110 3452 procul
1115 3359 1284 3451 subnata,
1306 3373 1386 3457 cogit

312 3524 315 3528 ·
388 3509 487 3548 rumen
501 3485 618 3567 sentiri.
637 3484 717 3545 Abfit
736 3484 829 3565 itaque
845 3502 898 3560 ut,
922 3501 1020 3543 contra
1047 3481 1132 3543 fidem
1157 3483 1286 3545 omnium
1309 3481 1387 3545 codi-

388 3622 474 3676 cum,
490 3621 541 3677 pro
564 3604 669 3682 cogit,
692 3602 818 3681 legamus
835 3622 901 3662 cunt
922 3601 956 3661 B.
974 3602 1085 3661 condit.
1104 3598 1137 3658 F.
1156 3600 1285 3677 reponit:
1309 3604 1387 3683 Qua

389 3734 493 3819 cogit,
512 3750 695 3812 quamquam
713 3731 916 3815 longosubnr.
937 3735 991 3789 διο.
1012 3728 1114 3789 Sensus
1128 3729 1237 3806 planior
1256 3730 1306 3791 eli.

431 3844 470 3909 V.
491 3849 549 3917 86,
573 3846 629 3918 87,
657 3848 715 3918 88,
738 3865 799 3919 92,
820 3863 881 3918 95,
900 3848 952 3910 98.
975 3841 1009 3899 B.
1029 3844 1174 3950 mutat‘fic
1191 3843 1282 3926 infi,
1304 3863 1388 3925 quant

390 3959 555 4041 paniculum
563 3957 594 4041 st
613 3978 668 4018 non
684 3956 787 4017 liabent
802 3974 859 4019 vet.
878 3954 927 4017 nist
944 3976 973 4018 v.
990 3976 1049 4032 92,
1066 3962 1091 4017 &
1108 3974 1215 4019 recent.
1231 3958 1345 4021 nullibi.
