3417 5075
481 650 549 711 rra
686 626 779 696 Lrs
809 624 1288 711 nsanononiqorr

480 802 641 899 Corpora
661 797 842 874 censentur
862 801 982 897 signis,
1003 803 1037 874 dr
1063 804 1174 874 amica
1193 799 1362 900 trigonis.
1470 793 1473 801 ’

479 951 560 1025 Nec
568 951 654 1024 ratio
664 910 809 1024 obscura
819 949 882 1023 est:
893 974 974 1021 nam
990 969 1149 1047 quartum
1162 948 1340 1044 quodque
1353 947 1474 1027 locavit

380 1090 458 1195 640
478 1070 646 1199 Ejusdem
668 1100 803 1200 generis
827 1099 959 1201 sigrium
981 1080 1100 1171 natura
1120 1121 1183 1195 per
1205 1087 1357 1171 orbem.

430 1264 433 1269 ·
473 1251 646 1343 Quattuor
666 1247 791 1348 aequali
811 1247 941 1324 coelum
965 1249 1159 1324 discrimine
1178 1246 1343 1347 signant,

470 1395 512 1471 In
532 1398 658 1494 quibus
682 1355 842 1472 miculos
863 1401 942 1472 anni
963 1400 1048 1473 deus
1069 1397 1144 1494 ipse
1162 1397 1309 1471 creavit.
1328 1451 1330 1454 .

459 1547 546 1648 'Ver
562 1549 668 1637 aries,
686 1547 855 1623 Cererem
873 1575 1021 1639 cancer,
1038 1548 1299 1642 Bacchumque
1317 1546 1468 1620 minissnt

470 1658 593 1784 Libra,¹
608 1721 713 1796 caper
724 1699 884 1772 b'rurnam
900 1695 1104 1798 genitosque
1116 1696 1161 1766 ad
1175 1693 1311 1793 frigora
1328 1689 1465 1766 menses.

369 1827 445 1926 645
469 1842 619 1915 Necnon
640 1845 676 1915 dr
688 1842 819 1940 duplici
833 1868 913 1941 quae
929 1844 1004 1919 sunt
1016 1867 1172 1919 connexa
1187 1841 1325 1942 figura,
1410 1948 1416 1956 ι

392 2012 397 2027 ·
464 1993 634 2099 Quartum
646 2014 793 2089 quaeque
803 1988 920 2062 locum
931 1991 1090 2062 retinent.
1103 1991 1189 2084 Duo
1200 1973 1360 2063 cernere
1370 1988 1459 2086 pisces

463 2128 1457 2241 Ergeminosjuvenes‚duplicemqueinvirgineforman·

363 2299 366 2303 ’
464 2285 511 2359 Et
529 2289 601 2362 duo
620 2268 773 2362 centauri
795 2288 878 2361 licet
897 2314 970 2361 uno
995 2314 1146 2386 corpora
1169 2308 1279 2363 textu.

463 2433 521 2503 Sic
537 2437 573 2503 δι
587 2433 795 2532 simplicibus
809 2435 909 2534 signis
922 2436 983 2508 ssat
997 2435 1111 2509 forma
1125 2437 1312 2532 quadrata.

359 2577 440 2676 650
461 2580 559 2668 Nam.
567 2606 683 2680 neque
695 2605 810 2666 taurus
822 2584 932 2658 habet
943 2561 1134 2671 comitem,
1149 2610 1216 2657 nec
1233 2589 1395 2689 jungitur
1405 2586 1453 2661 ulli

460 2733 666 2806 Horrendus
678 2722 736 2807 leo
749 2788 760 2823 ‚
771 2723 838 2807 nec
851 2736 976 2807 metuit
986 2733 1054 2807 sine
1067 2758 1234 2833 compare
1245 2738 1455 2835 quemquam¹

459 2869 644 2978 Scorpios,
660 2899 763 2979 atque
776 2907 848 2955 uno
866 2881 1023 2956 censetur
1036 2886 1189 2981 aquarius
1205 2885 1311 2959 astro.

411 3141 413 3146 =
493 3103 536 3169 V.
551 3114 619 3186 643.
629 3104 717 3189 Vulg.
731 3109 912 3189 ministrans.
928 3072 1090 3184 Malumus,
1101 3109 1268 3191 ministrat,
1281 3109 1360 3190 quod
1373 3105 1453 3171 haber

454 3217 517 3281 Par.
533 3225 559 3280 &
575 3219 612 3284 F.

343 3318 361 3350 ⁴
467 3323 472 3331 '
494 3319 534 3382 V.
554 3328 622 3395 651.
642 3319 735 3404 Vulg.
760 3345 812 3383 nec
829 3324 934 3383 metuit
947 3322 1023 3410 fine·
1035 3342 1154 3401 copore
1177 3342 1358 3404 quemquam.
1375 3325 1450 3384 Sine

453 3443 592 3517 comare,
605 3433 720 3498 subaudi
739 3439 897 3520 oduario,
918 3432 1006 3514 inquit
1018 3434 1179 3519 Huet.fine
1190 3461 1310 3521 corpore
1318 3485 1328 3514 ,
1344 3437 1378 3499 id
1390 3438 1447 3514 eii,

443 3551 511 3629 fine
525 3554 660 3625 viribus,
689 3553 767 3627 five,
787 3555 861 3635 quia
882 3574 965 3616 torus
989 3555 1028 3634 est
1044 3575 1120 3635 pes,
1146 3551 1183 3614 ait
1208 3552 1312 3635 Fayus.
1338 3553 1373 3615 B.
1395 3574 1447 3614 nec

354 3639 356 3645 Ι
451 3665 555 3723 meruit
564 3663 625 3744 fibi
653 3666 760 3722 uellere
781 3681 971 3742 quemquam,
993 3665 1065 3726 rede
1084 3665 1166 3743 (and,
1191 3666 1242 3728 nifi
1264 3668 1325 3727 haec
1345 3666 1361 3728 i
1384 3664 1444 3727 mis.

449 3779 531 3841 nimis
545 3777 733 3872 abhorrerent.
747 3777 893 3839 Dorvilius
910 3780 944 3840 ad
957 3782 1063 3843 Chariu
1069 3806 1105 3864 p.
1118 3786 1157 3848 28
1158 3806 1186 3863 5.
1202 3808 1256 3846 nec
1265 3788 1375 3848 meruit
1381 3785 1446 3869 fine

448 3919 584 3991 compare
599 3916 776 3978 quemquam.
794 3898 890 3978 Cpare
906 3917 957 3975 pro
979 3919 1133 3977 compare,
1154 3893 1186 3961 δι’
1198 3922 1286 3982 cpore
1303 3921 1357 3981 pro
1379 3914 1447 3968 cor·.¹

444 4032 516 4094 pore
538 4013 568 4075 in
587 3990 774 4078 mffi'nomifi
790 4010 902 4076 literuli
919 4011 1056 4076 differunt.
1325 3991 1327 3995 ⁸
