3417 5075
404 594 451 658 ’4ο
588 563 685 639 irs
718 569 1211 658 Asuuonoutuure

402 743 450 816 Et
473 742 586 832 redit,
606 741 704 821 elusis
724 770 790 844 per
804 743 882 820 laxa
901 745 1079 823 volumina
1098 746 1236 847 palmis.

402 892 563 965 Proxima
583 891 656 966 sors
681 892 806 986 cycni,
828 918 937 992 quem
957 893 1051 970 coelo
1068 897 1229 995 Juppitet
1250 895 1329 995 ipse

305 1056 379 1139 335
405 1039 596 1140 Imposuit,
613 1040 739 1116 formae
761 1044 899 1140 pretio,
919 1046 989 1142 qui
1007 1046 1103 1142 c'epit
1125 1065 1325 1134 amantem3

405 1189 498 1265 Cim
519 1189 606 1263 deus
625 1190 662 1261 in
682 1190 823 1267 niveum
845 1191 1024 1268 descendit
1043 1191 1160 1269 versus
1177 1189 1341 1275 osorem,

404 1338 592 1470 sergaque
616 1336 737 1413 fidenti
752 1339 900 1440 subjecit
917 1341 1059 1441 plumea
1078 1341 1201 1415 Ledae.

403 1485 511 1560 Nunc
527 1511 672 1585 quoque
694 1486 847 1561 diductas
865 1486 987 1565 volitat
999 1484 1146 1560 stellatus
1163 1489 1199 1558 in
1224 1484 1306 1561 alas.¹
1397 1569 1400 1577 .

403 1637 498 1710 Hinc
518 1637 651 1708 imitata
671 1635 782 1710 nitent
805 1635 1011 1734 cursumque
1028 1635 1256 1731 habitumque
1273 1631 1405 1732 sagittat

307 1797 383 1881 340
408 1782 539 1859 Sidera.
561 1783 657 1857 Tum
675 1786 792 1884 magni
813 1787 914 1872 Jovis
931 1784 1002 1859 ales
1021 1783 1125 1858 sertur
1146 1784 1182 1855 in
1202 1779 1337 1884 altum,

404 1931 555 2011 Affueto
572 1910 719 2012 vdlitans
732 1932 840 2032 gestet
862 1958 929 2006 ceu
946 1932 1089 2043 fulmina
1104 1931 1249 2004 'mundo
1257 1963 1272 2024 3

405 2084 523 2186 Digna
537 2085 631 2160 Jove
650 2084 693 2156 dr·
704 2079 799 2156 coelo
815 2135 827 2171 ,
846 2081 947 2179 quod
965 2079 1066 2152 sacris
1082 2079 1209 2151 instruit
1231 2077 1345 2150 armis.
1404 2169 1407 2175 ,

407 2196 665 2329 Tum'quoque
685 2232 732 2306 de
750 2255 866 2332 ponto
881 2231 987 2331 surgit
1004 2227 1201 2327 Delphinus
1225 2227 1270 2298 ad
1293 2227 1407 2320 astra,

295 2442 303 2461 .
409 2381 547 2455 Oceani
574 2380 726 2479 coelique
748 2381 879 2469 decus,
900 2403 966 2477 per
982 2399 1167 2473 utrumque
1183 2320 1354 2446 sacratus.x
1405 2397 1408 2405 ·

311 2557 386 2639 '345
415 2533 534 2622 Quem
554 2532 678 2631 rapido
692 2552 834 2604 conatus
858 2554 967 2626 equus
988 2524 1245 2625 comprendere
1270 2520 1372 2598 cursu

383 2777 392 2792 ·
411 2685 582 2770 Festinat,
602 2682 718 2781 pedus
733 2677 878 2777 fulgenti
897 2675 1007 2751 fidere
1026 2674 1158 2766 clarus3

411 2834 460 2909 Et
482 2834 595 2907 sinitur
617 2831 654 2905 in
672 2827 921 2958 ΙΑηάῐοιηεόει.
946 2823 1111 2900 Succedit
1129 2820 1250 2917 iniquo

452 3112 516 3174 Post
532 3131 562 3175 v.
587 3084 665 3192 333,
685 3106 761 3169 hunc
784 3107 880 3168 serunt
899 3105 1030 3190 vulgati,
1052 3110 1175 3187 Semper
1202 3104 1256 3163 etit
1276 3084 1408 3182 paribus

411 3229 543 3313 belluni,
566 3228 640 3311 quia
662 3225 778 3285 viribus
796 3240 932 3305 aquam.
954 3216 1121 3301 Versustille
1137 3213 1262 3275 Bentieio
1282 3220 1309 3272 &
1328 3214 1412 3276 nobis

417 3346 550 3407 barbatus
574 3341 612 3406 eli
635 3345 662 3400 &
678 3336 802 3417 spurius,
824 3336 960 3398 Stuebero
980 3334 1192 3421 eleguntiffimu
1211 3330 1341 3395 Manilii
1360 3333 1412 3397 inf

415 3464 508 3550 genio
530 3458 649 3521 minimi
671 3456 829 3541 indignus.

455 3574 496 3636 V.
512 3593 579 3651 337.
600 3571 654 3630 Pro
666 3572 780 3652 fidenti
798 3517 833 3629 ff
850 3568 959 3648 reponit
967 3566 1090 3649 fidenti.

456 3686 495 3747 V.
518 3704 585 3760 347.
606 3683 668 3743 Posi
690 3683 908 3756 Andromeda,
930 3681 1032 3764 legitur
1054 3679 1082 3739 in
1110 3691 1169 3740 vet.
1199 3672 1296 3748 libris,
1316 3693 1410 3752 quani

415 3805 544 3883 Perseus
562 3799 655 3859 armis
676 3800 798 3877 Eripit,
816 3797 952 3877 &sociat
967 3797 1045 3877 fibi,
1070 3794 1120 3852 cui
1139 3785 1281 3858 succedit,
1296 3789 1349 3842 dic.
1361 3784 1412 3847 sed

417 3918 545 3998 Perseus
563 3909 698 3993 spondeus
715 3909 752 3970 esi
761 3908 771 3987 ,'
801 3928 859 3969 uon
888 3908 1019 3989 dadylus.
1035 3897 1203 3966 Emendarit
1225 3917 1293 3982 ergo
1306 3897 1352 3964 Sc.
1372 3904 1404 3966 dc
