3417 5075
397 680 462 745 290
597 652 694 724 Lar
726 653 1244 738 Asrnououtounr'

389 833 525 928 Perque
551 827 679 903 alterna
704 824 782 899 suos
799 826 950 902 variaret
973 827 1080 902 sidera
1100 849 1241 910 motus;

390 982 444 1055 Ut
465 978 629 1081 cujusque
646 975 742 1050 vices
760 998 878 1076 ageret
895 979 1069 1053 redeuntis
1088 980 1124 1051 in
1143 977 1290 1051 orbem.

292 1125 316 1198 5
322 1125 366 1177 ²0
387 1129 525 1203 Idcirco
546 1148 638 1200 tanta
661 1127 708 1200 est
728 1151 843 1200 return
867 1104 1038 1201 discordia
1060 1130 1096 1200 in
1118 1151 1228 1210 aevo,

316 1377 322 1387 .
388 1279 433 1350 Et
452 1273 608 1348 subtexta
626 1272 723 1345 malis
736 1275 830 1348 bona
844 1273 943 1362 sunt,
958 1273 1186 1371 lacrymaeque
1201 1271 1401 1371 sequuntur,

384 1423 502 1511 Vota,
521 1449 590 1497 nec
614 1425 651 1495 in
675 1427 814 1498 cundos
839 1424 949 1498 servat
969 1427 1106 1498 fortuna
1127 1446 1323 1515 tenorem3

382 1570 509 1668 Usque
526 1574 618 1646 adeo
636 1575 805 1673 permixta
822 1576 923 1662 fluit,
941 1600 1008 1649 nec
1025 1594 1209 1672 permanet
1226 1572 1384 1670 usquam3

385 1720 580 1817 Amifitque
596 1721 704 1796 fidem
725 1725 891 1799 variando
916 1726 1034 1798 cunda
1055 1747 1119 1822 per
1142 1747 1289 1796 omnes.

284 1878 358 1957 525
386 1869 472 1942 Non
496 1871 591 1941 annis
612 1873 712 1954 anni,
732 1899 798 1945 nec
818 1872 953 1946 menses
970 1871 1142 1946 mensibus
1163 1870 1281 1967 usque

314 2005 318 2009 ⁶
383 2015 630 2107 Conveniunt,
647 2018 753 2116 seque
773 2019 846 2117 ipse
868 2021 963 2107 dies,
986 2019 1164 2116 aliumque
1184 2020 1323 2109 revisit,
1355 2094 1358 2100 .

381 2162 555 2260 Horaque
575 2190 647 2237 non
668 2162 729 2236 ulli
748 2164 861 2237 srmilis
880 2166 1081 2264 producitur
1105 2167 1222 2240 horae.

382 2311 565 2408 Tempora
585 2313 682 2410 quod
703 2312 747 2386 src
769 2314 854 2384 stant
874 2317 1024 2414 propriis
1044 2315 1201 2410 parentia
1221 2314 1339 2415 figur,

382 2457 446 2528 Per
467 2483 632 2529 numeros
658 2477 782 2531 omnes
799 2463 867 2535 aevi
890 2462 996 2534 divisa
1018 2459 1189 2534 volantis:

287 2614 310 2693 5
314 2612 362 2692 30
385 2606 559 2705 Talesque
578 2608 730 2680 efficiunt
749 2610 865 2696 vires,
887 2608 1025 2684 casusve
1047 2611 1247 2705 minantur,
1302 2597 1307 2606 ¹

383 2757 506 2853 Qualia
528 2757 623 2845 sunt,
642 2783 791 2853 quorum
807 2759 942 2831 vicibus
962 2757 1036 2829 tu‘m
1058 2757 1253 2851 vertimur,
1272 2761 1358 2834 astra.

433 2893 521 2964 Sunt
547 2892 671 2986 quibus
692 2894 727 2963 ἃ
750 2887 832 2963 coeli
850 2892 984 2989 placeat
1005 2889 1174 2964 nascentis
1199 2893 1249 2963 ab
1270 2915 1360 2978 ortu,

388 3038 1374 3078 -ι--η-μ--ι--ι--ιι-Ἀ

429 3137 468 3196 V.
491 3142 556 3210 518.
577 3136 630 3196 Pro
651 3141 770 3199 alterna·
789 3136 822 3214 B
842 3136 974 3197 substituit
992 3141 1105 3199 aliena.

430 3249 471 3310 V.
499 3258 566 3320 528.
594 3251 713 3311 Veteres
738 3249 853 3328 scripti,
881 3272 1007 3328 tempora
1035 3252 1120 3333 qudd
1135 3254 1272 3335 fistanr3
1300 3254 1379 3333 seque

390 3363 469 3428 Scal.
482 3363 529 3444 qui
546 3368 573 3423 &
592 3363 745 3443 proponit,
767 3364 852 3442 qudd
860 3366 908 3443 fic
918 3369 1018 3443 stant.
1036 3363 1104 3424 Vet.
1122 3365 1212 3445 editi,
1238 3370 1381 3452 confissunt

390 3483 424 3567 B.
442 3484 527 3563 quod
534 3483 690 3561 nonstanr.
703 3476 787 3537 Forte
802 3496 854 3553 pro
867 3481 1003 3559 propriis
1017 3477 1118 3538 metius
1135 3479 1280 3564 legeretur
1287 3486 1384 3546 variis.

431 3594 472 3655 V.
488 3615 519 3671 53
528 3618 553 3650 ι.
571 3594 658 3653 Hunc
671 3593 782 3654 versum
796 3593 831 3651 sic
843 3591 934 3675 vulgo
948 3567 1068 3674 legunt,
1087 3594 1183 3656 addito
1194 3599 1283 3660 etiarn
1292 3598 1383 3672 versu,

395 3730 480 3792 quern
499 3704 695 3784 suppofitirium
719 3703 789 3779 esse,
807 3706 1065 3782 poussenueium,
1084 3708 1290 3781 existimamus.

445 3874 447 3878 ,
476 3825 536 3872 Sunt
551 3820 637 3887 quibus
653 3818 748 3869 &coeli
765 3834 849 3881 pateat
864 3821 984 3871 nascentis
1004 3823 1114 3871 abitura

455 3920 578 3984 ,Sidou
596 3938 661 3984 quern
679 3934 808 3969 memorant
822 3922 986 3987 horoscopon.
1002 3922 1142 3999 inventuris.

477 4018 549 4072 Parte
563 4017 631 4088 quiid
647 4036 679 4070 cx
694 4018 753 4079 illa,
771 4023 817 4072 &o
915 3987 921 4019 Ι
