3417 5075
464 640 511 699 ‘20
639 620 737 697 Les
774 621 1258 713 Asrnottourquus

462 802 552 877 Non
573 820 689 900 ageret
709 797 848 888 cursus,
874 799 994 871 mundi
1011 797 1235 872 subeuntibus
1260 793 1378 885 astris}
1476 890 1479 897 ῃ

463 949 612 1025 Phaebus
620 949 665 1020 ad
675 909 1276 1046 occasum,&numquamtenrearet
1286 949 1331 1021 ad
1339 955 1460 1043 ortus}

461 1097 605 1173 Lunave
625 1095 820 1214 submersos
841 1120 978 1198 regeret
1000 1124 1064 1197 per
1085 1101 1197 1173 inania
1214 1124 1355 1191 currus3

358 1250 436 1335 2¹70
457 1246 539 1327 Nec
556 1247 727 1320 matutinis
746 1244 893 1346 fulgeret
917 1247 1057 1321 Lucifer
1072 1249 1190 1337 horis,

456 1394 635 1494 Hesperos
657 1392 799 1479 emenso
814 1395 959 1468 dederat
979 1396 1040 1491 qui
1057 1392 1175 1469 lumen
1197 1393 1372 1492 Olympo·

456 1543 566 1616 Nunc
589 1544 669 1641 qnia
692 1569 766 1618 non
786 1543 859 1616 irno
882 1540 984 1617 tellus
1002 1543 1134 1642 dejesta
1151 1541 1329 1642 profundo
1341 1591 1354 1630 ,

459 1692 532 1765 Sed
555 1692 675 1764 medio
694 1690 851 1790 suspensa
871 1712 1009 1778 manet,
1037 1690 1113 1763 sunt
1134 1691 1252 1789 pervia
1276 1689 1421 1780 cunda3

457 1839 540 1933 Qui
556 1839 656 1910 cadat
674 1840 709 1910 ἃ
731 1839 851 1911 subeat
868 1839 1019 1927 coelum,
1041 1836 1219 1936 rursusque
1231 1836 1396 1938 resurgat.

360 2003 436 2085 275
461 1989 555 2062 Nam
575 2009 690 2105 neque
710 1984 872 2060 fortuitos
896 2007 990 2059 ortus
1011 1987 1224 2087 surgentibus
1243 1987 1334 2059 astris
1345 2036 1359 2074 ,
1402 2050 1407 2065 ,

459 2137 543 2211 Nec
562 2135 665 2208 toties
685 2132 828 2233 possunt
840 2132 1038 2209 nascentem
1058 2133 1203 2208 credere
1225 2133 1425 2226 mundum,

460 2283 596 2358 solisve
615 2283 761 2355 affiduos
781 2305 898 2380 partus
921 2285 958 2355 δι
975 2282 1045 2355 sata
1062 2252 1208 2354 diurna:
1307 2287 1311 2296 '

463 2433 557 2504 Cum
580 2417 685 2504 facies
703 2429 828 2504 eadem
852 2429 951 2530 fignis
971 2454 1036 2529 per
1059 2428 1174 2503 secula
1193 2429 1343 2519 constet,

462 2578 565 2652 Idem
583 2576 734 2653 Phaebus
755 2599 811 2653 eat
825 2573 914 2651 'coeli
936 2578 982 2652 de
1005 2577 1160 2676 partibus
1178 2576 1326 2668 iisdem,

365 2729 639 2827 tironumque
660 2750 724 2825 per
750 2725 901 2799 totidem
924 2724 1019 2800 luces
1040 2747 1189 2798 mutetur
1213 2727 1248 2798 δι
1272 2723 1401 2818 orbes,

466 2878 514 2951 Et
534 2898 651 2951 natura
668 2874 740 2950 vius
766 2872 879 2951 servet
899 2897 983 2971 quas
1000 2869 1129 2946 fecerat
1149 2869 1247 2968 ipsa,

466 3024 549 3098 Nec
571 3020 744 3118 tyrocinio
765 3042 919 3116 peccet3
935 3013 1135 3115 circutnque
1155 3015 1282 3090 seratur

473 3173 618 3247 AEterna
639 3196 719 3244 cum
741 3167 820 3240 luce
836 3141 934 3256 dies,
953 3166 1012 3260 qui
1029 3188 1190 3262 tempora
1214 3165 1379 3239 monstrat

468 3318 576 3393 Nunc
593 3318 670 3401 his,
686 3335 777 3385 nunc
798 3310 864 3382 illis
880 3310 1005 3383 eadem
1028 3308 1223 3407 regionibus
1240 3307 1366 3390 urbis,

350 3548 354 3556 ’
471 3606 474 3610 J
511 3562 552 3623 V.
577 3569 643 3629 167.
664 3558 697 3617 B.
719 3574 808 3617 mutat
825 3557 973 3639 cursusin
993 3581 1107 3622 currus.

513 3675 555 3738 V.
577 3679 644 3736 168.
664 3674 718 3735 Pro
740 3674 784 3767 ad
803 3675 941 3757 occasum
961 3671 1069 3752 reponit
1086 3675 1124 3735 ab
1147 3670 1253 3751 occasu
1264 3691 1275 3739 3
1295 3668 1384 3729 nossrri
1404 3669 1471 3750 quii

475 3794 541 3857 dem
559 3790 711 3866 sententis,
732 3809 787 3849 non
803 3792 886 3851 resse.

515 3907 556 3973 V.
581 3917 648 3979 169.
665 3904 814 3966 Proscribit
840 3904 924 3963 etiam
961 3904 1036 3966 hunc
1069 3903 1191 3967 versum.
1228 3901 1296 3963 Duo
1317 3896 1377 3963 mss.
1404 3920 1467 3975 ree,

478 4021 583 4087 habent
602 4039 731 4095 currus,
749 4015 841 4081 caeteri
858 4016 970 4099 cursus.
