3417 5075
463 595 527 662 104
661 576 754 649 Lus
789 579 1269 678 Asrnouourouns

456 748 600 837 Sidera,
620 734 794 849 perpetuis
816 755 910 831 coelo
932 757 1079 837 lucentia
1099 767 1271 862 flammis3

457 900 530 973 Sed
554 901 650 972 trahit
672 901 717 975 ad
739 900 848 978 semet
867 909 989 1005 rapido
1013 911 1170 989 Titanius
1189 916 1294 1006 aellu,

358 1032 431 1138 845
454 1044 672 1142 Involvitque
694 1050 757 1124 suo
777 1053 991 1132 flammantes
1014 1061 1092 1160 igne
1116 1086 1295 1153 cometus,

455 1193 514 1272 Ac
532 1195 642 1272 modb
661 1198 800 1313 dimittit
818 1205 831 1291 (
846 1201 929 1276 licut
954 1205 1133 1302 Cyllenius
1152 1211 1267 1299 orbis,

453 1344 500 1423 Et
514 1344 659 1442 Venus,
681 1349 829 1425 accenso
852 1355 932 1428 curn
951 1355 1046 1429 ducit
1065 1356 1211 1455 vespere
1234 1348 1398 1450 alodem,

453 1497 561 1597 Saepe
573 1495 695 1587 latent,
709 1464 1258 1617 falluntqueoculos‚n1rlumque
1270 1508 1453 1604 revisunt);

455 1646 526 1719 Seu
545 1645 665 1738 Deus,
683 1649 829 1726 instantis
849 1652 909 1725 fati
930 1651 1129 1744 miseratus,
1147 1655 1182 1727 in
1202 1655 1332 1732 orbem

359 1779 407 1883 35
408 1800 432 1855 0
456 1798 562 1896 Signa
584 1823 649 1894 per
670 1799 808 1871 affedus
831 1799 982 1899 coelique
999 1804 1159 1876 incendia
1180 1805 1308 1879 mittit:

364 2042 373 2058 1
456 1945 661 2044 Numquam
679 1943 831 2059 futilibus
852 1951 1035 2022 excandrfit
1053 1952 1188 2051 ignibus
1208 1953 1332 2032 aether·

459 2097 694 2199 squalidaque
716 2095 798 2172 elusa
822 2097 1005 2198 deplorant
1027 2122 1107 2176 arva
1129 2099 1270 2183 coloni,

457 2247 505 2324 Et
522 2251 649 2321 steriles
668 2251 756 2319 inter
776 2247 889 2318 sulcos
910 2247 1058 2321 defelsus
1078 2270 1191 2324 arator

457 2396 522 2471 'Ad
543 2402 624 2494 juga
646 2417 834 2470 moerentes.
854 2399 949 2496 cogit
968 2398 1119 2470 frustrata
1139 2404 1325 2497 juvencos.

347 2516 410 2616 ‘85
411 2533 435 2615 5
461 2543 538 2630 Aut
552 2543 710 2644 gravibus
733 2546 865 2621 morbis
886 2549 921 2619 8(
942 2544 1034 2619 lenta
1055 2520 1206 2645 corpora
1227 2548 1309 2621 tabe

461 2696 616 2793 Corripit
634 2693 753 2768 exustis
777 2690 887 2767 letalis
911 2693 1050 2765 flamma
1073 2692 1256 2783 medullis,

459 2846 705 2945 Labentesque
725 2847 814 2944 rapit
830 2845 983 2945 populos
993 2874 1008 2942 3
1027 2844 1184 2944 totasque
1206 2870 1270 2943 per
1290 2844 1400 2922 urbes

463 2993 608 3064 Publica
631 2992 795 3065 luccenfis
821 3015 1030 3092 peraguntur
1047 2991 1115 3065 fata
1136 2988 1311 3090 sepulcris.

464 3136 584 3231 Qualis
612 3138 830 3211 Erechtheus
848 3140 949 3233 pellis
975 3139 1142 3234 populata
1166 3139 1317 3213 colonos

365 3284 444 3369 '860
468 3282 597 3365 Extulit
619 3287 771 3385 antiquas
789 3284 989 3383 perfuncta
1011 3286 1106 3382 pacis
1126 3285 1312 3372 Athenas,

464 3413 568 3515 Alter
590 3438 626 3511 in
646 3434 781 3510 alterius
803 3430 922 3506 labens
943 3433 1023 3504 citm
1043 3430 1110 3504 fata
1131 3430 1290 3504 ruebant.

506 3716 548 3780 V.
573 3721 641 3792 858.
660 3714 715 3775 Pro
725 3714 803 3795 futu
819 3713 854 3775 Β.
869 3717 967 3796 Iustu.

507 3832 549 3897 V.
573 3838 640 3893 861.
664 3829 720 3892 Pro
728 3829 807 3911 futu
828 3831 862 3895 B.
879 3834 969 3894 colla.
986 3829 1057 3889 Fata
1078 3847 1280 3908 nonnunquam
1293 3848 1344 3906 pro
1363 3827 1463 3899 funere

469 3950 517 4016 vel
533 3949 668 4020 cadauere
683 3964 833 4029 ponuntur.
849 3941 1089 4023 VideProp.·l.1.
1111 3941 1192 4027 Eleg.
1215 3962 1260 4026 ιχ.
1284 3962 1314 4007 v.
1333 3962 1382 4006 rr.
