3417 5075
472 647 546 718 ¹54
679 624 773 697 Lrs
807 625 1290 716 Asrrorourqurs

473 798 679 900 Etpropiris
699 820 805 875 terras
827 803 963 876 accedit
983 803 1072 879 visus
1095 830 1243 892 eorum,

474 946 636 1042 Aeraque
652 936 817 1022 infedum
837 950 966 1023 nostras
985 930 1136 1057 demittit
1153 953 1198 1024 ad
1218 975 1333 1025 auras.

522 1094 576 1169 At
595 1096 700 1171 dubia
719 1095 857 1171 alternis
876 1098 957 1172 data
974 1097 1050 1173 sunt
1071 1100 1282 1174 commercia
1299 1099 1420 1202 lignis,

391 1230 395 1234 ⁴
474 1242 598 1319 Mutua
621 1271 689 1320 nec
708 1271 835 1350 magno
859 1247 1027 1322 consensu
1044 1247 1178 1322 foedera
1195 1214 1357 1338 servairt,
1381 1268 1383 1273 ’

379 1409 456 1490 350
477 1388 589 1471 Invita
610 1394 750 1496 angusto
772 1395 869 1493 qubd
886 1395 975 1470 linea
994 1396 1135 1469 deditur
1155 1394 1258 1469 orbe.

473 1542 575 1617 Nam
597 1543 677 1615 crim
698 1543 873 1640 pertransit
892 1545 1057 1617 formatus
1074 1543 1201 1646 fingula
1218 1543 1324 1616 limes

473 1678 601 1767 'sidera
613 1746 623 1781 ,
648 1695 684 1765 dr
707 1692 839 1767 alterno
866 1694 1055 1769 devertitur
1078 1690 1217 1794 angulus
1240 1692 1357 1786 astro,

478 1840 619 1938 Sexque
635 1865 699 1938 per
715 1842 878 1924 anfredus
893 1864 1052 1917 curvatur
1064 1840 1195 1941 virgula
1209 1842 1245 1912 in
1263 1838 1418 1926 orbem3

426 2007 431 2021 '
481 1979 520 2062 Α
544 2010 642 2061 tauro
664 1988 757 2060 veuit
780 1989 817 2058 in
837 2012 1020 2080 cancrum3
1040 2011 1139 2079 turn,
1158 1989 1291 2084 virgine
1315 1983 1423 2068 tadi,

334 2112 338 2121 Δ
385 2131 457 2214 355
482 2137 656 2232 Scorpion
668 2136 857 2236 ingreditur
866 2166 880 2228 3
897 2156 1036 2222 tumre,
1052 2135 1253 2231 capricorue
1264 2185 1276 2217 ,
1289 2132 1469 2230 rigentem,

482 2287 529 2358 Et
548 2286 707 2382 geminos
728 2284 748 2354 ὲ
770 2305 805 2356 te
825 2283 958 2381 pisces,
976 2279 1162 2378 aversaque
1182 2278 1273 2351 tauri

483 2431 604 2504 Sidera
625 2430 850 2526 contingens,
868 2427 966 2515 finit,
989 2427 1056 2524 qui
1075 2445 1257 2524 coeperat,
1278 2423 1422 2499 orbem.

449 2655 452 2664 ,
485 2577 638 2656 Alterius
661 2575 777 2650 dudds
798 2573 896 2649 locus
915 2578 962 2650 est
983 2562 1048 2674 per
1070 2572 1203 2648 transita
1227 2572 1352 2675 signa>

486 2724 610 2822 thue
632 2748 672 2798 ea
693 2743 875 2821 praetereas
899 2746 978 2820 quae
994 2722 1072 2794 sunt
1089 2722 1174 2793 mihi
1195 2718 1328 2820 fingula
1351 2719 1463 2804 dide,

389 2874 469 2971 360
491 2874 653 2951 Flexibus
669 2876 727 2949 hic
749 2876 899 2948 totidem
917 2873 1028 2947 fimilis
1052 2849 1091 2946 fir
1105 2869 1249 2946 circulus
1270 2868 1331 2948 illi.

489 3022 713 3099 Transversos
737 3025 837 3121 igitur
857 3021 991 3120 fugiunt
1010 3018 1190 3121 sexangula
1209 3018 1326 3107 visusl,

491 3168 599 3264 Qudd
620 3168 719 3240 nimis
739 3164 901 3238 inclinant
923 3167 1058 3253 aciem,
1075 3164 1234 3262 limisque
1252 3164 1435 3249 videntur,

485 3320 690 3414 -Vicinoque
711 3316 837 3389 latent:
865 3340 907 3387 ex
927 3315 1019 3385 redo
1038 3310 1164 3404 certior
1179 3314 1275 3385 idus.

501 3472 614 3545 Tertia
637 3494 783 3541 connexo
805 3468 990 3546 conduntur
1001 3460 1105 3561 figna
1122 3463 1241 3561 receffir
1256 3491 1271 3534 ,τ
1338 3479 1343 3488 “
1428 3469 1432 3482 ’

495 3662 1479 3693 W

539 3822 582 3887 V.
606 3828 676 3904 346.
695 3818 806 3885 Omnes
826 3820 929 3881 habent
946 3840 1058 3894 terras,
1079 3817 1112 3879 Β.
1129 3815 1236 3879 mavult
1253 3818 1352 3879 terris.
1391 3898 1397 3912 Ι

540 3938 583 4005 V.
603 3928 661 4021 36¹4
678 3936 693 3997 i
712 3935 745 3998 B.
765 3931 957 4014 proscribitur.
972 3929 1156 3995 Caeterimin
1176 3952 1212 3994 eo.
1227 3951 1294 3993 cum
1310 3931 1357 3993 Se
1372 3927 1495 4018 legimur
