3417 5075
411 646 483 721 204
616 628 710 704 Las
744 626 1243 715 nsraoaomquzs
1309 648 1316 659 ·

409 802 941 904 Destinat,ante1nanuquam
964 825 1074 877 tentet
1100 770 1264 875 scindere
1289 793 1396 883 folsas,'

311 938 389 1036 560
412 954 533 1032 Versat
547 979 646 1052 opus.
663 953 748 1027 Ruit
770 978 855 1028 ecce
875 978 998 1028 nemus
1013 949 1184 1053 saltusque
1200 948 1328 1023 vetusti

409 1084 1402 1201 Procumbunt,lolemquenovtun,novalideracernuntt

334 1302 337 1307 -
408 1249 547 1325 Pellitur
568 1277 677 1326 omne
696 1252 780 1326 loco
796 1251 981 1330 volucrum
997 1271 1104 1350 genus
1116 1266 1222 1341 atque
1240 1243 1403 1337 ferarum,

405 1397 648 1495 Antiqualque
668 1401 796 1472 domos
819 1402 957 1503 &nota
978 1393 1104 1469 cubilia
1126 1391 1306 1488 linquunt.

315 1631 318 1636 ,
406 1545 472 1620 Ast
491 1545 547 1619 alii
564 1547 692 1621 salicem
712 1551 750 1621 in
770 1573 888 1620 muros
902 1601 914 1634 ,
934 1549 969 1617 a
989 1567 1161 1616 marmora
1182 1540 1332 1640 templis
1441 1580 1443 1597 ι

306 1696 385 1796 765
410 1693 613 1790 Rimantur5
634 1699 783 1795 ferrique
805 1688 898 1799 rigbr
921 1721 985 1795 per
1012 1716 1172 1805 tempora
1194 1701 1285 1766 nota

410 1845 606 1937 Quaeritur:
630 1849 700 1920 huc
721 1868 830 1936 artes,
851 1850 920 1919 huc
943 1847 1056 1918 omnis
1077 1844 1248 1917 convenit
1269 1841 1358 1919 usur.

409 1987 515 2071 Tunc
525 1988 667 2063 demum
679 1990 851 2089 consurgit
866 2015 975 2088 opus,
988 1991 1067 2059 clim
1081 1989 1200 2058 cunila
1212 1983 1404 2086 supersum

325 2147 332 2156 ⁴
407 2114 627 2213 Nemedios
644 2163 780 2238 rumpat
796 2138 911 2212 cursus
932 2139 1139 2245 praepnllera
1155 2162 1259 2214 cura.

408 2283 467 2356 Sic
492 2287 579 2356 mihi
600 2289 768 2359 cunctanti
790 2308 896 2360 tantae
918 2286 1107 2360 succedere
1125 2283 1214 2357 moli

308 2437 387 2540 770⁴
409 2429 573 2500 Materies
591 2432 741 2525 primlrm
764 2456 879 2503 rerum
893 2485 912 2539 ,ι
930 2434 1064 2504 ratione
1082 2430 1250 2521 remota,

373 2608 375 2612 ·
407 2574 596 2652 Tradenda
616 2574 663 2650 est
680 2606 690 2662 3
710 2580 797 2651 ratio
820 2578 860 2651 lit
881 2604 926 2651 ne
945 2581 1022 2678 pnst
1038 2581 1154 2670 irrita,
1173 2606 1275 2657 neve

409 2727 631 2829 Argumenta
650 2730 750 2803 novis
771 2731 927 2829 stupeant
950 2729 1121 2804 nascentia
1143 2730 1268 2802 rebus,

464 2880 559 2980 Ergo
576 2904 662 2982 age,
679 2879 863 2954 noscendis
884 2881 1038 2953 animum
1053 2903 1234 2977 compone
1252 2877 1411 2981 sagacem

411 3024 640 3115 Cardinibus,
661 3029 721 3124 qui
744 3054 810 3125 per
828 3029 998 3101 mundum
1014 3028 1091 3102 sunt
1108 3046 1275 3125 quattuor
1290 3048 1411 3099 omnes

451 3365 490 3430 V.
515 3376 582 3440 760.
607 3373 634 3429 &
656 3370 713 3450 seq.
737 3368 791 3430 ruit
811 3391 879 3430 ecce
901 3389 1023 3439 nemus,
1044 3375 1098 3429 διε.
1118 3367 1183 3428 Hos
1200 3369 1293 3431 vernis
1314 3364 1412 3427 libeni

411 3479 579 3541 contulerim
599 3504 664 3543 cum
680 3483 732 3546 illis
748 3482 863 3568 Virgilii
885 3487 995 3570 Georg.
1012 3485 1052 3547 ΙΙ
1059 3528 1070 3557 ,
1089 3506 1119 3544 ν.
1142 3486 1218 3548 208·

477 3593 509 3639 tt
522 3608 625 3641 nemora
642 3598 733 3645 evertit
749 3599 843 3647 multos
860 3598 950 3663 ignava
969 3613 1012 3663 per
1032 3612 1130 3654 annor,

476 3690 647 3757 Antiquasqne
661 3691 752 3743 domos
767 3695 853 3744 avium
871 3713 928 3746 eum
945 3697 1055 3763 stirpibus
1072 3695 1134 3746 imis

475 3787 564 3838 Emit:
579 3786 628 3839 illa
646 3788 722 3837 altum
737 3788 803 3838 nidis
819 3794 913 3855 periere
931 3794 1029 3850 taliata.

427 3907 430 3912 ’
449 3872 493 3933 V.
505 3886 576 3943 762.
591 3871 624 3935 B.
644 3896 729 3935 omne
745 3873 887 3952 ferarum,
908 3878 1060 3960 elegantiis
1079 3857 1196 3957 guidem
1205 3900 1218 3950 3
1237 3877 1286 3942 sed
1306 3878 1425 3943 callim

413 3982 531 4047 univerfi
553 3986 655 4050 habent
669 4035 680 4065 ,
695 4008 785 4071 atque
804 3988 936 4053 ferarum.
