3417 5075
411 617 476 689 296
581 600 675 675 Lus
713 594 1212 692 Asrnouon'rqurs'

406 779 574 877 Scorpios
594 782 744 878 oequabit
766 782 976 856 tribuentem
994 781 1089 854 dona
1109 776 1270 854 leonem.

308 892 385 1004 2570
413 910 579 998 Centauri
595 924 718 1000 fuerint
741 929 868 1001 eadem
888 948 968 1028 quae
988 951 1131 1001 munera
1150 924 1285 998 cancri.

401 1071 478 1146 Ter
494 1055 639 1168 quinos,
660 1078 890 1173 capricorne,
911 1079 1036 1168 dares,
1057 1077 1082 1150 {i
1105 1095 1278 1173 quattuor
1303 1063 1388 1144 effert

403 1217 734 1316 Appositimenses.
758 1223 967 1322 Triplicabit
985 1225 1143 1322 aquarius
1163 1247 1281 1296 annos

405 1350 602 1460 Quattuor,
625 1374 662 1443 n
684 1370 819 1445 menses
843 1375 951 1449 vitam
973 1375 1149 1470 producet
1167 1374 1208 1444 in
1233 1372 1327 1444 otio.

405 1511 523 1593 Pisces
542 1539 647 1614 atque
664 1521 751 1593 aries
773 1522 808 1594 r3r
832 1520 926 1596 sorte
948 1525 984 1594 8<
1006 1521 1130 1596 finibus
1148 1522 1317 1611 haerent3

306 1672 381 1754 575
405 1667 526 1742 Lustra
549 1670 622 1742 duo
646 1670 798 1743 tribuent
821 1638 938 1743 solidis
956 1695 1038 1743 cum
1056 1666 1233 1741 mentibus
1256 1668 1346 1740 otto.

455 1815 537 1887 Nec
557 1815 634 1887 satis
654 1815 702 1888 est
724 1842 833 1889 annos
854 1814 1028 1915 signorum
1051 1812 1200 1887 noscere
1223 1835 1361 1900 certos,

406 1961 468 2035 Ne
487 1958 591 2034 lateat
608 1965 695 2036 tatio
719 1964 826 2037 finem
846 1964 1079 2060 quaerentibus
1098 1943 1176 2036 aevi.

405 2107 561 2205 ssempta
576 2136 721 2208 quoque
743 2114 778 2183 8(
802 2133 917 2211 prutes
939 2113 1021 2184 coeli
1036 2109 1094 2181 sua
1105 2105 1261 2183 munera
1275 2131 1398 2206 noruntj¹

292 2318 296 2325 .
408 2257 456 2331 Et
476 2260 633 2357 proprias
651 2260 807 2333 tribuunt
825 2283 923 2335 cetto
946 2261 1141 2333 discrimine
1161 2259 1344 2348 summas,

311 2400 389 2495 580
415 2407 507 2478 cum
526 2409 619 2479 bene
638 2409 824 2480 constiterit
850 2407 1020 2480 stellarum
1043 2409 1209 2480 conditus
1231 2410 1337 2482 ordo.

412 2554 486 2663 Sed
503 2549 589 2625 mihi
604 2552 819 2651 templorum
837 2557 970 2628 tantum
987 2580 1080 2627 nunc
1096 2560 1173 2652 jura
1195 2579 1383 2633 canentur:

408 2699 500 2776 Mox
521 2702 639 2778 veniet
657 2702 805 2776 mixtura
822 2703 888 2775 suis
908 2701 1139 2799 cumuviribus
1162 2706 1296 2779 omnis.

412 2849 506 2924 Cum
526 2848 619 2922 bene
636 2849 796 2922 materies
818 2850 944 2923 steterit
965 2848 1181 2947 praecognita
1199 2875 1320 2925 rerum
1332 2821 1347 2943 .'

411 3000 499 3074 Non
519 2997 723 3097 interpofitis
746 2998 939 3071 turbabitur
958 2998 1113 3093 undique
1136 3002 1322 3076 membris.

312 3144 388 3240 ¹’585
414 3150 450 3221 Si
474 3150 567 3221 bene
592 3147 778 3221 constiterit
801 3148 917 3245 primo
940 3145 1003 3220 sub
1026 3148 1169 3221 cardine
1191 3148 1300 3240 luna,

411 3292 494 3391 Qui
510 3294 599 3367 redit
622 3294 657 3362 in
680 3316 785 3364 terras
810 3294 961 3366 mundus
973 3347 985 3382 ,
1009 3293 1224 3392 nascensque
1249 3299 1374 3372 tenebit

413 3478 1409 3507 „nm-u·-

453 3586 495 3649 V.
522 3604 589 3658 574.
601 3583 670 3647 Vet.
682 3583 793 3663 scripti,
808 3582 944 3665 Piscibus
960 3589 1000 3669 est
1014 3590 1286 3657 aries....baerens.
1308 3594 1358 3657 Sc.
1377 3597 1418 3678 (ιβ

311 3758 313 3763 ,
415 3721 467 3780 pto
482 3702 538 3782 est:
558 3697 687 3759 nonnulli
711 3717 769 3761 vet.
788 3699 876 3776 editi,
894 3722 951 3763 rec.
967 3702 1026 3765 mff.
1042 3702 1114 3764 inter
1131 3724 1202 3784 quos
1219 3706 1288 3773 Par.
1313 3713 1419 3789 Prsctt

416 3841 453 3888 ας
469 3815 581 3879 aries...
592 3795 721 3894 herrm,
740 3821 766 3877 &
784 3813 822 3879 fit
848 3813 888 3879 R·
902 3816 935 3879 Β.
954 3818 1078 3883 tandem.
1096 3822 1254 3908 Lanigero
1267 3829 1376 3909 pisces
1387 3868 1425 3892 ...-

417 3934 539 3998 licerent.
