3417 5075
484 684 551 749 ‘¹42
688 659 778 729 Lus
817 656 1291 741 Asrnonourours

484 835 531 910 Et
551 837 608 933 qui
627 832 767 906 Cretaeo
787 830 896 933 fulget
916 807 1154 908 centaurusin
1171 854 1252 905 arcu
1263 886 1276 920 ,

486 976 758 1076 Communisque
777 980 864 1054 aries
879 946 1082 1078 -aqumtern
1101 1002 1261 1079 tempora
1281 978 1433 1072 librama

482 1132 528 1205 Et
546 1104 726 1235 ¹geminos,
743 1151 949 1226 taurumque
969 1131 1044 1229 pari
1064 1127 1126 1204 sub
1144 1127 1235 1203 sorte
1254 1128 1426 1203 recenset.
1502 1150 1503 1157 ’

364 1288 461 1380 ‘240
538 1281 645 1352 Nunc
665 1300 703 1352 tu
721 1277 813 1351 nulla
831 1300 933 1378 putes
950 1280 986 1351 in
1011 1304 1057 1351 eo
1081 1301 1260 1350 momenta
1279 1272 1410 1350 locaffe

478 1425 649 1499 Naturam
665 1450 787 1499 ¹rerum
798 1478 810 1514 ,
831 1425 929 1524 qubd
948 1423 1026 1498 fruit
1048 1426 1217 1497 currentia
1237 1424 1424 1521 quaedarn,

463 1551 534 1647 ‘Ut
554 1573 636 1661 leo,
658 1575 693 1646 8<
716 1575 927 1660 arcitenens,
947 1572 1101 1670 ariesque
1121 1573 1157 1644 in
1177 1565 1313 1646 ¹cornua
1336 1586 1466 1647 torvus:

471 1687 554 1794 vAut
576 1745 656 1816 quae
678 1723 767 1794 resta
792 1720 858 1793 suis
878 1719 1043 1794 librantur
1061 1721 1177 1822 starrtia
1199 1720 1393 1808 membris,
1416 1814 1420 1825 y

471 1864 532 1941 Ut
552 1868 673 1966 virgo,
693 1869 730 1939 &
753 1867 908 1964 gemini,
926 1867 1076 1941 fundens
1097 1871 1134 1941 8(
1159 1871 1318 1965 aquarius
1339 1866 1466 1947 undtst

380 2037 457 2126 '245
478 2016 549 2098 Vel
568 2041 648 2114 quae
666 2014 746 2089 sessa
766 2015 906 2103 sedent,
929 2017 1040 2116 pigras
1061 2000 1243 2090 referentia
1264 2040 1437 2104 mentes,

481 2167 616 2264 Taurus
636 2165 799 2264 depofitis
819 2164 916 2240 collo
940 2166 1070 2265 sopitus
1092 2141 1231 2255 aratris,

480 2313 585 2386 Libra
609 2313 671 2386 sub
691 2313 834 2387 emenso
853 2314 1034 2388 considens
1058 2317 1145 2388 orbe
1165 2314 1350 2400 laborum,
1453 2370 1457 2377 .

478 2460 606 2557 Tuque
626 2479 688 2532 tuo
699 2512 713 2552 ,
737 2459 962 2558 capricorne‚
991 2459 1073 2561 gelu
1096 2455 1288 2534 contrarius
1314 2462 1468 2539 inauris.

465 2577 588 2686 'Strata
606 2614 743 2709 jacent,
763 2632 887 2681 cancer
909 2606 1062 2707 patulam
1077 2608 1239 2683 distentus
1260 2610 1297 2682 in
1315 2610 1451 2701 alvum,·

359 2751 455 2857 ¹'250
481 2761 646 2860 Scorpios
665 2759 871 2834 incumbens
892 2757 997 2857 plano
1021 2757 1085 2831 sub
1110 2759 1249 2855 pesiore
1274 2780 1400 2848 terrea,

474 2889 624 3022 Insanus
650 2907 785 3006 obliqui
810 2909 920 3007 pisces
942 2908 1148 3008 semperque
1168 2887 1336 3008 jacentes.
1406 2900 1409 2907 ⁴

533 3056 642 3151 Quod
664 3054 688 3127 fi
715 3054 831 3127 solerti
850 3055 1082 3151 circumspicis
1101 3057 1218 3128 omnia
1235 3058 1343 3154 curti,
1412 3085 1414 3090 ·
1443 3156 1445 3159 Α

473 3202 643 3275 Fraudata
668 3200 823 3275 invenies
849 3198 969 3272 amisus
991 3200 1101 3273 sidera
1127 3203 1306 3275 membris.

473 3350 640 3449 Scorpios
656 3348 693 3419 in
708 3344 794 3419 libra
818 3345 990 3419 consumit
1012 3347 1176 3420 brachia:
1196 3370 1313 3422 taurus

375 3506 449 3592 '255
477 3499 630 3572 Succidit
650 3499 794 3571 incurvo
815 3493 957 3592 claudus
977 3496 1098 3594 pede:
1118 3493 1248 3568 lumina
1270 3520 1399 3573 cancro

473 3644 628 3721 Desunt:
648 3665 813 3716 centauro
835 3642 986 3738 superest
1010 3646 1044 3714 ἃ
1067 3644 1231 3738 quaeritur
1250 3668 1375 3723 unum.

385 3857 387 3863 .
473 3797 532 3871 Sic
550 3792 680 3867 nossros
697 3790 790 3865 casus
812 3788 938 3864 solatur
961 3791 1109 3862 mundus
1128 3792 1162 3861 in
1187 3792 1301 3879 astris,

476 3940 719 4045 Exemploque
737 3939 845 4017 docet
867 3939 1038 4039 patienter
1058 3937 1183 4012 damna
1202 3934 1313 4013 subire
1324 3968 1339 4033 3
