3417 5075
470 621 540 681 toa
681 582 774 680 rus
805 600 1288 691 Asrnouor'rroure

366 794 444 873 775
472 784 636 885 Dispofiti
661 783 818 881 semper,
843 804 1045 878 mutantque
1068 778 1221 856 volantia
1240 780 1352 880 figna.

385 1025 388 1029 .
474 922 576 1006 Unus
594 931 636 1003 ab
658 953 783 1005 exortu
805 931 887 1004 coeli
907 931 1075 1003 nascentis
1096 931 1133 1001 in
1156 929 1309 1016 orbem,

471 1082 542 1176 Qui
565 1082 714 1178 primum
738 1071 848 1155 terrae
867 1079 993 1179 aequali
1013 1080 1121 1153 limite
1141 1080 1262 1152 cernit.
1316 1086 1318 1091 '

468 1216 572 1302 Alter
589 1228 634 1300 ab
653 1228 797 1304 adversa
818 1228 1031 1327 respondens
1051 1230 1187 1303 aetheris
1205 1252 1299 1314 ora,

468 1373 579 1450 Unde
595 1376 873 1478 fugitsmundus,
893 1376 1118 1476 praecepsque
1133 1379 1168 1448 in
1183 1398 1315 1450 tartara
1334 1373 1446 1449 tendit.

368 1546 446 1640 780
470 1527 612 1601 Tertius
633 1524 758 1601 excelli
783 1526 888 1630 fignat
910 1526 1036 1628 suffigit
1054 1525 1157 1614 coeli,

471 1674 554 1769 Quo
576 1673 724 1747 defessus
746 1667 843 1772 equis'
859 1676 1013 1749 Phoebus
1034 1673 1171 1747 subsrssit
1192 1670 1355 1758 anhelis,
1499 1748 1500 1753 ,

466 1817 700 1929 Deciinarque
722 1821 837 1907 diem,
863 1820 1064 1936 mediasque
1085 1822 1259 1892 examinat
1279 1819 1432 1892 umbrat.

464 1962 543 2043 Ima
569 1988 664 2040 tenet
686 1988 824 2063 quattus
847 1966 993 2040 fimdato
1015 1969 1141 2042 nobilis
1161 1972 1273 2056 orbe;

465 2094 510 2192 In
532 2143 605 2216 quo
622 2104 830 2216 principium
851 2118 899 2190 est
917 2119 1066 2208 reditus,
1084 2118 1229 2217 finisque
1247 2091 1409 2193 ¹cadendi

363 2269 444 2367 785
471 2266 651 2339 Sideribus
663 2295 676 2359 3
700 2267 898 2365 pariterque
922 2265 1064 2339 occasus
1086 2269 1194 2340 cernit
1219 2269 1258 2340 ὃ(
1278 2291 1393 2344 ortus.

466 2387 563 2483 Haec'
579 2410 659 2484 loca
679 2403 873 2511 praecipuas
900 2412 990 2488 vires
1003 2410 1023 2500 ·‚'
1035 2412 1260 2510 summosque
1284 2441 1353 2512 per
1370 2435 1462 2486 artem

468 2558 635 2633 Fatorum
652 2562 791 2635 effeetus
805 2562 979 2657 referunt3
996 2562 1093 2660 quod
1106 2584 1199 2636 totus
1217 2562 1345 2636 inillis
1427 2593 1432 2606 ·

468 2708 601 2781 Nititur
622 2711 759 2783 aeternis
784 2708 894 2784 veluti
912 2713 1143 2814 compagibus
1163 2711 1271 2786 orbis.

468 2861 554 2952 Quae
575 2858 633 2930 nist
656 2861 832 2958 perpetuis
853 2858 982 2935 alterni
1003 2860 1093 2934 sorte
1109 2858 1303 2942 'volantem

367 3029 445 3105 790
466 3006 627 3080 Cursrbus
647 3009 842 3108 excipiant,
867 3013 1070 3107 ueniantque
1089 3012 1124 3082 in
1147 3007 1310 3097 vincula,
1334 3009 1415 3082 bina

507 3280 546 3345 V.
574 3290 644 3352 782.
672 3284 732 3345 Hic
759 3284 854 3349 versus
875 3284 1001 3347 Bentleio
1021 3283 1154 3348 maxime
1168 3286 1318 3368 displicet,
1345 3288 1380 3348 fic
1400 3306 1469 3347 eum

472 3400 622 3461 emendat:

531 3513 701 3579 Discernitque
716 3513 801 3575 diem,
817 3516 961 3583 mediamque
979 3515 1103 3567 examinat
1119 3522 1211 3567 horam.

421 3611 424 3618 ’
507 3607 628 3685 Optima
645 3611 709 3669 sunt
721 3613 798 3688 haec,
812 3616 860 3673 sed
871 3617 886 3675 ὲ
899 3618 1028 3677 codicum
1047 3616 1164 3677 lenione
1178 3616 1261 3699 nimis
1283 3618 1386 3682 aliena.
1403 3621 1469 3681 De·

467 3728 562 3789 alinae
583 3725 677 3797 diem,
700 3722 722 3784 i.
744 3746 769 3786 e.
791 3725 828 3808 est
848 3725 1015 3809 principium
1030 3716 1131 3807 casus,
1146 3731 1213 3792 stent
1236 3734 1341 3796 dicitur
1361 3758 1391 3801 v.
1411 3742 1471 3811 784

466 3841 557 3902 imum
579 3838 644 3902 coeli
666 3837 719 3898 esse
734 3844 923 3923 principium
948 3850 1070 3911 reditus.
1100 3849 1241 3914 Nonnulli
1261 3874 1315 3932 pro
1346 3857 1469 3919 umbras

461 3952 570 4028 habent
591 3957 712 4031 undas,
734 3975 791 4018 non
810 3959 894 4020 reete.
